4800 5567
860 202 1335 287 mutl-

266 427 486 511 c'ontinuos
514 444 639 499 annos
665 419 811 495 bellum
839 404 974 493 eontra
1001 413 1242 515 Theruingos
1269 424 1437 515 gereret,
1462 438 1589 515 neque
1614 413 1877 505 Taifalorum,
1903 442 2031 519 neque

269 534 608 629 Gruthungorum,
637 524 703 621 qui
730 521 878 596 auxilio
904 521 1084 595 venerint
1108 518 1353 616 Theruingis,
1380 518 1424 591 fir
1449 520 1609 609 mentio.
1638 519 1687 593 cf.
1713 521 1840 610 Arum.
1866 524 2032 597 Marcel·
2105 606 2112 613 ,

217 702 221 710 .
270 636 346 710 lin.
375 636 597 719 xxvito.
627 618 792 699 Duob'us
816 610 941 703 aunis,
970 622 1110 719 quibus
1137 624 1274 695 valens
1302 620 1518 693 Gothorum
1543 637 1660 695 terras
1688 622 1882 721 ingressus
1908 650 2031 722 usque

271 738 321 811 ari
346 735 665 831 Gruthungorum
691 728 787 801 fines
823 725 1061 822 penetravit,
1098 724 1200 797 nulli
1227 716 1615 819 Gothorum'praeter
1640 726 1913 799 Athanaricum
1940 752 2031 801 cum

266 832 454 925 Romanis
483 856 583 904 arma
612 817 899 904 conseruerunt.
954 826 1160 925 Quomodo
1187 823 1264 898 hoc
1289 822 1435 897 factum
1462 844 1530 913 est,
1559 826 1592 899 si
1619 827 1833 925 Theruingi
1859 829 2030 923 primum

266 940 369 1013 inter
393 934 687 1035 potentissimos
709 930 1006 1029 visigothorum
1032 929 1201 1023 populos
1227 946 1383 1000 tenuere
1409 927 1578 1001 loeum'i
1628 933 1760 1002 Multo
1788 929 1927 1003 clarius
1953 932 2031 1005 hoc

266 1026 426 1137 liquet,¹
447 1055 691 1133 temporum,
727 1034 870 1131 quibus
906 1030 1044 1105 Hunni
1081 1028 1297 1129 Gothorum
1331 1052 1391 1103 res
1429 1048 1671 1119 everterunt,
1711 1031 1841 1103 habita
1866 1032 2027 1108 ratione.

265 1139 427 1227 Alanis,
456 1138 730 1237 quosGothos
757 1134 877 1209 fuisse
904 1151 1015 1207 antea
1041 1133 1413 1228 demonstravimus,
1449 1158 1538 1204 cum
1565 1133 1612 1204 ab
1640 1134 1799 1206 Hunnis
1828 1158 2031 1233 oppugna·

266 1262 420 1329 rentur,
462 1234 587 1335 neque
614 1238 834 1336 Gruthungi
861 1237 1005 1309 auxilio
1031 1251 1223 1307 venerumt
1247 1258 1374 1331 neque
1401 1233 1478 1329 ipsi
1504 1234 1713 1307 ad'eorum
1741 1235 1911 1308 subsidia
1939 1260 2032 1309 con·
2120 1301 2123 1309 .

265 1342 473 1442 fugerunt,
503 1338 568 1412 soal
592 1356 685 1436 -post
711 1341 860 1436 aliquot
885 1336 1031 1435 proelia
1060 1338 1105 1410 ab
1133 1336 1292 1411 Hunnis
1327 1335 1426 1432 uicti
1459 1358 1537 1409 unu
1573 1358 1661 1408 cum
1688 1337 1749 1407 his
1777 1337 2029 1437 Gruthungos

268 1443 438 1545 aggressi
465 1438 569 1515 sunt.
597 1440 646 1517 cf.
674 1442 801 1513 Amm.
829 1442 1000 1513 Marcell.
1034 1440 1181 1526 XXXI,
1224 1458 1259 1525 3.
1324 1439 1399 1510 His
1426 1440 1638 1524 Alanorum
1665 1440 1818 1535 quidem
1846 1462 1934 1534 pars
1962 1441 2031 1512 uli·

267 1570 342 1643 qua
369 1542 580 1631 succurrit,
605 1561 647 1615 st
672 1543 847 1639 praemio
873 1542 1178 1639 perducti,='non
1205 1558 1257 1612 ur
1277 1540 1393 1614 sociis
1429 1540 1577 1613 auxilio
1603 1542 1800 1625 venirent,
1828 1542 1903 1612 hoc
1929 1538 2029 1615 fece·

267 1663 383 1729 sunta
409 1668 533 1741 neque
560 1646 680 1717 alium
705 1646 899 1741 populum
926 1668 947 1715 a
974 1642 1290 1743 Gruthungorum
1317 1658 1424 1739 purte
1459 1642 1609 1715 stetisse
1634 1644 1809 1715 traditur.
1861 1642 2026 1715 Atbaui·
2129 1704 2132 1711 .

235 1752 359 1833 'cus,
398 1747 852 1845 Thervingorum''dux-,
885 1747 1057 1842 periculo
1091 1746 1338 1831 imminente,
1377 1744 1506 1838 copias
1541 1768 1629 1815 cum
1657 1744 1895 1841 Gruthungis
1924 1744 2026 1819 haud

268 1846 498 1939 conjunxit,
526 1848 591 1921 sed
617 1873 739 1945 usque
767 1850 815 1921 ad
841 1873 974 1921 eorum
1000 1846 1092 1920 fines
1119 1871 1343 1949 progressus
1369 1846 1554 1932 substitit,
1606 1848 1725 1918 Paulo
1753 1862 1843 1940 post
1868 1841 1950 1940 ipse
1977 1844 2025 1919 ab
2138 1849 2141 1857 '

266 1940 426 2023 Hunnis
454 1946 739 2022 circumventus
765 1967 804 2021 et
828 1952 918 2023 loco
946 1950 1253 2023 cedere-coactus
1280 1949 1324 2019 in
1350 1945 1482 2044 fugam
1509 1971 1549 2020 se
1576 1946 1764 2030 contulit,
1800 1947 1910 2017 nulla
1937 1949 2027 2019 Tai-

167 2093 171 2101 ·
268 2048 436 2139 solorum
464 2069 501 2121 er
526 2049 808 2137 victofalorum
835 2052 1032 2124 mentione
1059 2050 1169 2124 facta.
1244 2056 1347 2121 Turn
1381 2046 1559 2143 demum,
1587 2074 1675 2120 cum
1702 2046 1780 2138 iarn
1808 2050 2026 2123 Gothorum

266 2172 327 2224 res
354 2176 502 2224 eversae
529 2154 720 2239 es'sent'et
746 2176 895 2225 summa
922 2172 1147 2253 urgerentur
1172 2152 1419 2237 necessitate,
1456 2138 1700 2251 qui'reliqui
1735 2166 1843 2223 erant
1878 2150 2025 2226 Gotho·

267 2272 381 2341 rum,
409 2252 452 2324 in
479 2262 616 2325 uuum¹
632 2252 833 2343 coniuncti
858 2252 1042 2328 videntur
1068 2274 1159 2328 esse.
1188 2248 1242 2345 ²⁷)
1363 2326 1368 2335 .

269 2370 280 2381 ·
371 2352 407 2426 ας
437 2354 617 2449 Sequitur
642 2357 747 2458 qubd
771 2380 974 2455 nunquam
1001 2376 1098 2431 certe
1125 2356 1200 2430 dici
1226 2374 1366 2454 potest,
1395 2357 1551 2455 quinam
1577 2358 1716 2457 populi
1737 2358 1784 2430 ad
1802 2356 2025 2458 visigotho-

142 2556 145 2563 .
236 2470 357 2527 tum
386 2454 591 2551 quique‘ad
612 2458 935 2557 Ostrogothorum
961 2479 1106 2531 nomeu
1134 2459 1215 2532 sint
1240 2458 1440 2533 referendi.
1492 2461 1668 2556 Plerique
1684 2461 1810 2533 nostri
1836 2458 2024 2555 temporis

267 2556 490 2651 scriptores,
520 2558 587 2651 qui
607 2560 828 2629 cothorum
855 2584 912 2632 res
950 2561 1127 2659 attigere,
1155 2562 1397 2658 Theruingos
1431 2560 1743 2659 visigothorum,
1774 2563 2023 2660 Gruthungos
2090 2561 2095 2570 ’

219 2663 228 2677 “
267 2658 589 2755 Ostrogothorum
615 2654 864 2747 praecipuum
890 2656 1009 2723 fulsse
1035 2662 1226 2745 populum
1252 2661 1422 2723 tradunt.
1447 2678 1452 2685 ·
1475 2668 1555 2749 Qua
1581 2663 1624 2727 in
1651 2686 1692 2727 re
1710 2664 1947 2737 Jornandem
1964 2662 2023 2732 vi·

268 2756 407 2824 dentur
434 2754 704 2847 sequuti'esse.
758 2752 964 2837 Hioenim
992 2752 1310 2826 Hermunaricum
1336 2754 1659 2852 ostrogothorum
1685 2757 1824 2857 regern.
1840 2757 1946 2844 dicit,
1974 2782 2023 2833 ex

266 2852 472 2941 Ammiano
501 2871 627 2923 autem
652 2850 818 2945 'eundem
846 2852 1160 2951 Gruthungorum
1188 2878 1316 2953 regem
1341 2851 1461 2927 fuisse
1488 2860 1736 2955 cognocitur,
1765 2859 1896 2955 itaque
1923 2848 2019 2933 Gru·

265 2952 436 3050 thungos
462 2954 565 3024 inter
592 2956 846 3049 ostrogothos
874 2978 954 3027 esse
981 2955 1241 3031 numerandos
1268 2974 1509 3030 censuerunt.
1575 2961 1627 3031 At
1660 2960 1764 3034 idem
1802 2964 2023 3041 Jornandes'
2093 3020 2109 3043 ,

266 3054 592 3149 ostrogothorum
618 3053 749 3123 nullos
777 3053 1000 3124 Danubium
1027 3054 1216 3146 trajecisse
1242 3058 1380 3142 tradit,
1419 3057 1581 3133 historia
1608 3081 1736 3157 autem
1762 3078 1881 3147 teste,
1924 3050 2021 3138 Gru·

266 3151 410 3248 thungi
436 3149 588 3223 sedibus
615 3150 757 3223 relictis
782 3151 826 3222 iu
853 3154 1069 3225 Romanum
1098 3158 1226 3229 solum
1259 3160 1464 3248 transiere,
1503 3162 1557 3234 ita
1584 3182 1628 3236 ut
1654 3190 1674 3237 e
1699 3164 1908 3245 Jornandis
1935 3186 2021 3241 sen·

268 3251 505 3346 tentiu‚-qui
531 3249 756 3348 visigothos
782 3268 937 3323 tantum
965 3255 1159 3331 transiisse
1184 3259 1290 3343 vult,
1327 3262 1546 3362 Gruthungi
1581 3268 1628 3337 ad
1651 3268 1874 3365 visigothos
1901 3268 2019 3362 perti·

264 3352 436 3440 nuerint.
491 3353 664 3426 Omnino
691 3354 934 3451 singulorum
961 3358 1356 3451 populorum'sedes,
1392 3388 1484 3458 quas
1518 3370 1646 3438 seculo
1673 3370 1787 3440 tertio
1816 3387 2017 3465 etquarto
2120 3378 2123 3385 ’

266 3472 442 3538 tenuem
470 3452 659 3546 ejusmodi
686 3450 921 3540 discrimini,
957 3458 1061 3554 quod
1097 3452 1421 3557 ostrogothorum
1456 3482 1495 3536 et
1526 3467 1820 3565 visigothorum
1845 3468 2020 3544 nomini·

267 3556 340 3627 bus
376 3556 587 3636 indicatur,
617 3558 727 3629 'haud
762 3570 870 3653 aptae
902 3555 1020 3653 fuere.
1067 3562 1298 3660 ¹Theruingi
1334 3588 1353 3633 a
1389 3566 1525 3639 Gothis
1560 3570 1719 3643 Daciam
1756 3572 2017 3648 incolentibus

270 3656 466 3728 Orientem
492 3682 624 3731 versus
651 3657 893 3745 habitabant,
920 3662 1049 3757 itaque
1076 3664 1302 3762 Ostrogothi
1326 3662 1600 3763 dici'potuerer
1630 3676 1850 3773 Gruthungi
1876 3692 2016 3764 autem,

138 3798 155 3811 -
270 3758 338 3858 q'ui
363 3759 673 3857 Theruingorum
701 3758 849 3834 ratione
874 3761 1026 3849 habita,
1054 3764 1538 3861 potiusqs‘eptentrionem,
1568 3767 1682 3871 quam
1711 3776 1906 3876 Orientem
1934 3801 2018 3871 spe·

268 3860 442 3947 stabant,
471 3860 516 3932 ab
543 3854 676 3934 Alanis
702 3862 865 3935 Tanaim
892 3864 1172 3963 attingentibus
1198 3868 1392 3966 visigothi
1409 3892 1516 3946 erant
1531 3876 1773 3949 nominandi.
1827 3880 1867 3950 si
1887 3902 2016 3953 revera

267 3957 359 4035 baec
385 3966 546 4035 nomina
566 3988 585 4033 a
603 3980 788 4035 terrarum
809 3966 886 4037 situ
915 3986 1022 4040 eraut
1047 3966 1241 4053 desumto,
1269 3972 1316 4042 ad
1342 3972 1503 4078 Gepidas
1530 4002 1683 4075 quoque
1709 3996 1787 4051 erat
1802 3974 2015 4073 'respicien-

270 4058 374 4136 dum.
430 4065 484 4137 Hi
510 4081 658 4155 autem,
686 4090 774 4139 cum
800 4066 869 4141 illo
897 4084 1067 4166 tempore
1093 4094 1114 4143 s
1140 4070 1260 4146 Dacia
1284 4077 1593 4171 Septentrionem
1627 4104 1758 4159 versus
1784 4080 2013 4164 habitarent,

269 4228 474 4257 *fl-n—-n

278 4376 301 4447 ⁵.
335 4348 416 4421 127)
438 4352 635 4457 Gruthungi,
658 4372 734 4461 post
755 4357 1102 4461 TheruingorDanu·
1187 4360 1364 4444 quominus
1386 4358 1458 4427 crini
1478 4368 1532 4433 hir
1546 4378 1829 4461 conjungerentur.
1852 4373 1896 4437 cf.
1910 4374 2015 4437 Amm.

268 4431 360 4495 hrum
381 4446 582 4521 transgressa,
604 4450 745 4509 consuto
767 4444 923 4509 ridentur
944 4446 1096 4525 esitasse,
1135 4532 1138 4539 ἱ
1183 4446 1334 4517 Marcell.
1358 4452 1493 4531 XXXI,
1514 4464 1549 4535 5.

1579 4562 1608 4632 F
