4800 5567
810 190 1302 271 --ετ-

246 450 339 527 pore
369 440 534 498 tractum
555 412 745 517 quendam
764 403 945 481 Rhaetiee
967 416 1004 471 et
1021 394 1155 468 Italiae
1172 390 1366 467 confinem
1391 390 1528 463 tenuit.
1551 458 1557 467 ,
1581 388 1772 465 Videntur
1789 409 1915 469 autem
1933 401 2006 476 boo

248 566 421 642 tempore
441 562 605 613 numero
637 555 720 607 non
747 522 956 600 admodum
983 516 1161 593 valuisse.
1213 518 1355 611 Longo
1378 509 1564 607 temporis
1594 512 1719 605 spatio
1745 518 2002 615 praeterlapso

181 736 183 739 .
250 662 421 757 ejusdem
461 658 638 759 gentina
675 656 863 744 Prospero
889 639 1019 738 Aquit.
1047 635 1195 710 mentio
1228 633 1274 705 lit
1308 630 1378 722 (ef.
1405 628 1651 722 ejuschron.
1683 630 1728 703 in
1758 635 1898 733 Scaligi
1919 642 2000 711 the.

249 808 349 859 saur.
385 782 502 875 temp.
530 800 567 872 p.
587 775 667 863 '51)
695 766 765 842 ubi
794 762 949 837 Aetium
979 756 1268 853 Juthungorum
1294 764 1450 851 gentem
1477 774 1697 848 aggressum
1718 775 1810 825 esse.
1827 754 2003 833 traditur.

251 903 359 977 Idem
385 916 546 971 testatur
575 892 720 968 Idatius
739 887 782 959 in
812 884 952 955 Chron.
972 878 1019 950 ad
1048 896 1193 947 annum
1214 868 1425 947 Theodosii
1440 866 1522 959 jun.
1553 886 1716 943 sextum.
1768 870 1829 944 Aa
1845 874 2006 953 eandem

224 1044 226 1051 ·
250 1038 404 1121 gentem
433 1014 720 1112 ,Vithungorum
739 1002 929 1102 pertinere
956 997 1108 1071 videtur
1128 1014 1287 1077 nomen,
1314 989 1458 1086 quoda
1477 986 1638 1061 Sidonio
1658 990 1787 1086 Apoll.
1812 992 1857 1067 in
1865 1017 2003 1097 paneg,

252 1139 359 1219 Aviti
375 1136 597 1219 exhibetur,
623 1124 845 1227 praesertim
868 1143 957 1205 oum
981 1138 1058 1191 una
1090 1110 1184 1187 belli
1209 1109 1347 1185 Norici
1370 1106 1427 1181 ibi
1446 1104 1524 1181 ,liat
1537 1107 1709 1206 mentio.
1790 1173 1797 1186 ,

980 1327 988 1339 ’
1054 1308 1090 1396 §.
1140 1316 1198 1393 14.

409 1481 473 1549 De
500 1474 582 1546 eliis
610 1466 834 1569 quibusdam
861 1455 1054 1563 gentibus,
1075 1477 1180 1553 xqum
1207 1452 1304 1522 inter
1335 1446 1481 1524 Gothos
1506 1451 1696 1522 numerari
1719 1451 1850 1525 solent.

298 1636 333 1705 1.
361 1634 419 1702 De
445 1622 691 1725 Burgundiis.

354 1754 450 1819 Cum
479 1742 593 1833 hujus
617 1739 754 1837 populi
776 1728 1066 1832 antiquissimae
1101 1726 1207 1799 sedes
1239 1723 1283 1797 in
1311 1720 1449 1795 iisdem
1476 1722 1624 1816 positae
1651 1718 1800 1794 fuerint
1827 1724 1949 1812 terris,
1984 1752 2004 1798 e
2079 1705 2083 1715 ⁸

252 1864 391 1965 quibus
420 1862 592 1959 reliquos
613 1859 829 1969 Gothorum
860 1852 1027 1948 populos
1049 1846 1187 1955 sitiisse
1206 1859 1373 1929 constat,
1401 1840 1442 1912 id
1468 1857 1544 1928 est,
1573 1840 1620 1912 ad
1635 1841 1825 1912 Vistulam
1847 1840 2004 1931 flumen,

252 2002 401 2081 partem
441 1978 755 2079 Burgundiorum
794 1973 929 2047 Gothis
962 1993 1001 2041 se
1027 1963 1249 2056 adjunxisse
1281 1960 1490 2067 verisimile
1517 1974 1585 2031 est.
1646 1966 1694 2061 Et
1721 1983 1762 2029 re
1792 1985 1880 2032 vera
1905 1969 2006 2061 ‚Bur-

253 2080 487 2205 gundiorum
517 2086 683 2179 nomen,
712 2090 786 2165 etsi
812 2072 1059 2183 corruptum,
1099 2083 1200 2178 apud
1234 2082 1436 2153 Zosimum
1474 2076 1660 2164 occurrit,
1688 2099 1708 2148 a
1738 2085 1828 2174 qu0³
1854 2076 1913 2170 (1,
1943 2104 2002 2165 27.

254 2220 340 2313 51.)
367 2215 550 2303 traditur,
585 2212 820 2311 Urugundos
849 2230 926 2278 uua
964 2228 1052 2277 cum
1082 2200 1219 2274 Gothis
1250 2199 1411 2295 'aliisque
1435 2196 1591 2292 populis
1627 2199 1895 2268 Romanorum
1933 2216 2005 2270 ter·

251 2327 540 2417 res.e.ntt'vibus
562 2340 732 2431 egressus
759 2336 937 2404 vastasse.
989 2321 1173 2420 Agathiae
1200 2342 1352 2415 quoque
1369 2312 1493 2389 afferri
1509 2316 1609 2393 'licet
1628 2315 1910 2403 testimonium,
1938 2322 2006 2414 qui

201 2522 210 2531 .
252 2450 551 2554 Burgundiones
579 2451 706 2523 Rheni
737 2448 889 2521 accolas·
911 2442 1121 2516 Gothicam.
1139 2437 1273 2510 fuisse·
1289 2452 1440 2533 gentem
1471 2433 1565 2505 dicit
1582 2432 1661 2524 (cl.
1686 2436 1866 2532 Hugonis
1896 2422 2004 2509 eron

253 2574 342 2646 hist.
370 2552 484 2659 Goth:
514 2596 551 2665 p.
584 2570 699 2657 532),
718 2583 896 2636 attamen
928 2560 972 2633 ab
1003 2558 1163 2656 Agathia
1181 2557 1392 2628 Gothicum
1418 2574 1563 2624 nomen
1583 2540 1828 2651 Burgundiis'
1849 2576 1932 2623 eam
1955 2550 2005 2624 ob

253 2685 403 2763 causam
430 2688 582 2761 uidetur
608 2670 790 2751 inditum
810 2704 909 2757 esee,
938 2674 1042 2766 quod
1067 2674 1383 2762 burgundiorum
1412 2687 1530 2755 gens,
1558 2692 1654 2764 quqe
1680 2670 1750 2733 illo
1769 2686 1940 2759 tempore
1960 2655 2008 2739 ad
2119 2709 2135 2733 .

191 2809 195 2815 ’
250 2796 391 2889 ῬιὶιοῃῖΙ
406 2806 508 2898 ripas
533 2796 752 2881 habitabat,
790 2789 1040 2865 Theodorico'
1062 2784 1277 2855 Gothorum
1303 2780 1347 2850 in
1372 2776 1484 2849 Italia
1510 2775 1591 2876 regi
1617 2776 1786 2869 subjecta
1813 2782 1922 2854 esset.
1953 2774 2005 2876 ¹³)

253 2905 350 3011 Cum
365 2899 515 3007 autem,
542 2920 577 2992 si
604 2916 673 3015 qui
685 2908 999 3011 Burgundiorum
1020 2903 1166 2975 Gothos
1194 2898 1241 2971 ad
1267 2917 1381 2971 terras
1401 2894 1606 2969 orientales
1626 2898 1825 2990 tendentes
1852 2903 2015 2998 sequuti⁴

253 3060 369 3127 sunt,
396 3063 522 3133 neque
549 3038 594 3108 de
620 3032 802 3115 sedibus,
823 3050 946 3121 neque
972 3024 1018 3097 de
1044 3022 1156 3093 rebus
1184 3042 1319 3091 eorum
1346 3017 1463 3115 gestis
1490 3014 1699 3112 quidquam
1725 3019 1819 3097 certi
1844 3036 2006 3109 constet,

256 3159 298 3229 iu
327 3158 566 3249 reliquorum
591 3142 914 3245 Burgundiorum
932 3164 991 3214 res
1018 3138 1259 3235 inquireres
1283 3161 1322 3208 re
1348 3137 1546 3233 proposita
1574 3134 1745 3207 alienum
1772 3132 1839 3209 e'st.

305 3254 354 3345 ll.
383 3276 443 3343 De
468 3268 631 3343 Varinis.
691 3270 701 3361 Ἰ
938 3265 942 3275 “
1077 3340 1081 3349 ‚
1180 3238 1185 3247 ⁵
1418 3338 1437 3349 ..

214 3396 217 3406 '
321 3410 325 3419 ·
358 3380 488 3481 Hujus
515 3405 668 3484 quoque
696 3376 823 3483 gentis
850 3378 955 3452 sedes
982 3375 1030 3448 iis
1057 3370 1172 3447 fuere*
1185 3374 1356 3459 vicinae,
1386 3395 1479 3471 quas
1507 3371 1623 3443 Gothi
1649 3372 1928 3470 antiquissimis
1955 3393 2008 3448 te·

255 3499 378 3581 nuere'
400 3506 651 3603 temporibus.
704 3503 756 3573 At
783 3499 917 3571 Gothis
945 3496 1132 3569 orientem
1161 3490 1395 3589 petentibus,
1423 3490 1558 3561 Varini
1583 3490 1630 3561 ad
1649 3506 1766 3564 terras
1791 3492 2008 3567 occidenta-

255 3630 310 3700 les
337 3626 531 3725 progressi
557 3642 668 3723 sunt,
696 3621 749 3692 ita
777 3636 820 3691 ut
846 3618 996 3692 saeculo
1026 3612 1166 3707 quinto
1194 3612 1292 3684 cirea
1312 3608 1438 3683 Rheni
1465 3603 1562 3680 ostia
1588 3629 1829 3683 versarentur
1855 3630 1893 3685 et
1919 3638 2008 3707 curu
2065 3656 2069 3663 ·

256 3738 411 3827 Francis
439 3740 773 3840 coniungerentur.
803 3738 852 3811 cf.
878 3744 986 3811 Proo.
1010 3734 1122 3807 Goth.
1150 3756 1187 3827 p.
1216 3734 1302 3822 463.
1331 3726 1388 3799 ed.
1417 3732 1520 3799 Grot.
1547 3728 1779 3805 Varinorum
1805 3731 2008 3827 aliquoties

257 3864 300 3936 in
327 3862 440 3936 rebus
460 3862 634 3935 Gothicis
661 3858 809 3930 mentio
835 3854 879 3927 fit
905 3852 953 3927 ef.
981 3860 1088 3935 Jorn.
1118 3875 1149 3925 o.
1177 3866 1240 3942 44.
1270 3866 1308 3920 at
1334 3871 1400 3919 eos
1426 3844 1473 3917 ad
1491 3846 1636 3921 Gothos
1662 3873 1703 3920 re
1728 3873 1817 3925 vera
1842 3848 2006 3928 referem

259 3982 328 4055 dos
356 4006 436 4055 esse
461 4005 544 4054 non
572 3978 747 4079 traditur.

255 4152 463 4173 m

344 4254 398 4332 15)
423 4252 581 4341 Agathiae
611 4250 664 4313 bis
698 4249 732 4315 in
764 4248 861 4323 rebus
891 4247 980 4307 nulla
1011 4242 1089 4307 fides
1177 4242 1246 4307 cit,
1268 4239 1427 4326 idemque·
1438 4238 1607 4305 Brittones
1629 4262 1733 4328 genus
1755 4240 2006 4305 nominatHuu·

260 4353 408 4415 habenda
437 4372 495 4417 est.
555 4356 631 4418 Alio
669 4353 754 4420 enim
786 4356 860 4413 loco
894 4350 1089 4410 Hunnorum
1177 4345 1296 4406 uicum.
1916 4328 1931 4341 ”

222 4538 227 4545 .
260 4454 416 4539 quosdam
441 4447 728 4543 Boupoupouvdous
743 4454 927 4534 nominatos
950 4470 1019 4513 esse
1044 4448 1104 4552 diff¹

1514 4550 1601 4617 De
