4800 5567
1048 224 1494 303 .-m·-·

389 432 486 505 Inde
507 428 673 505 Vandali
699 427 902 521 conjuncti
929 428 977 503 ad
1004 424 1144 502 Gallias
1170 429 1401 530 pergebant3
1430 421 1673 537 bilingorum
1699 448 1829 517 autem
1850 444 2015 521 nomine
2039 458 2144 581 post·

390 552 465 625 hac
491 552 641 646 saepius
669 552 835 637 audito,
849 544 1109 649 Asdingorum
1134 573 1279 623 nomen
1306 556 1560 629 evanescit.-

459 670 708 763 Procopius
736 672 889 775 quidem
919 670 1057 757 (Vand.
1085 674 1112 740 Ι.
1142 695 1178 765 p.
1210 698 1244 767 9.
1273 674 1387 745 Goth
1413 680 1458 748 V.
1487 700 1526 769 p
1547 683 1622 773 4'19
1644 676 1701 755 ed.
1725 624 2145 773 Gaoewandalos'an·

277 818 283 827 ¹
396 790 561 886 tiquitus
589 786 635 858 ad
660 788 895 860 Maeotidem
923 789 1028 860 sedes
1055 788 1233 861 habuisse
1260 794 1394 874 tradita
1423 809 1462 865 at
1487 793 1645 886 hujus
1629 799 1685 877 r'ei
1710 800 1866 899 nullum
1892 804 1998 875 aliud
2024 806 2145 878 exstat

399 907 696 995 documentum,
723 932 847 1003 neque
874 932 952 1003 quo
979 910 1065 979 loco
1094 908 1151 1007 ibi
1172 909 1341 982 habitare
1358 914 1558 1007 potuerint
1575 916 1819 1015 intelligitur.
1872 919 2034 993 Videtur
2052 926 2143 995 Pro·

315 1080 318 1088 ,
397 1028 555 1121 copius,
584 1052 678 1123 quae
705 1024 750 1099 de
777 1026 942 1097 aliorum
970 1002 1200 1099 Gothorum
1214 1045 1251 1099 et
1277 1031 1478 1145 praecipue
1514 1033 1559 1106 de
1585 1034 1800 1159 Alanorum
1838 1036 1885 1109 ad
1910 1040 2146 1114 Maeotidem

317 1220 323 1229 ,
366 1130 550 1219 'sedibus
578 1160 788 1241 acceperat,
816 1144 863 1217 ad
888 1143 1080 1222 vandalos
1108 1170 1261 1244 quoque
1282 1138 1467 1225 retulisse.
1542 1159 1559 1213 ·'

1077 1290 1081 1302 Ι
1199 1304 1237 1422 §
1274 1341 1332 1407 ιι.

1036 1446 1505 1578 ΒιΙιιεῙιιιιιὸἰι.
1543 1481 1628 1520 “’“

497 1640 671 1737 Plerique
696 1640 822 1715 nostri
847 1640 1032 1737 temporis
1054 1643 1263 1741 scriptores
1290 1644 1334 1715 in
1361 1616 1406 1747 eb
1435 1644 1703 1735 conveniunt,
1738 1648 1837 1723 hanc
1863 1667 2019 1747 gentem
2045 1650 2147 1738 inter

289 1820 294 1828 .
387 1758 574 1851 ,Gothicas
594 1785 680 1833 esse
705 1759 930 1833 habendam.
984 1765 1227 1861 Documenta
1253 1764 1432 1859 quidem,
1460 1765 1600 1868 quibus
1626 1764 1701 1838 hoo
1726 1766 1931 1861 probetur,
1958 1748 2146 1873 nuncet-J

393 1878 543 1951 tissima
571 1895 882 1979 sunt,attamen
907 1905 1035 1979 rerum
1062 1882 1177 1954 statui
1199 1884 1307 1979 ¹haud
1337 1881 1569 1983 repugnant.
1594 1926 1598 1935 ·
1632 1885 1824 1981 Juthungi
1841 1910 1942 1960 Ιιιοιι
1977 1880 2096 1960 modo
2124 1906 2144 1953 a

393 1995 587 2103 Dexippo'
605 1998 764 2097 Scythae
790 1999 1063 2099 nominantur,
1092 1999 1157 2073 sed
1185 2027 1318 2076 omnes
1345 2003 1583 2108 scriptores,
1603 1979 1909 2109 quibellumab
1934 2000 2166 2107 Aureliano
2224 2007 2229 2018 '

396 2129 528 2184 contra
554 2116 775 2217 Juthungos
797 2135 946 2215 gestum
969 2119 1200 2229 attingunt,-
1215 2122 1441 2229 Scytharum
1460 2139 1609 2195 tantum
1629 2116 1778 2225 iaciunt
1799 2121 2049 2214 mentionem,
2067 2140 2148 2214 quo

394 2232 557 2313 nomine
583 2232 612 2305 ii
632 2236 879 2327 potissimum
898 2236 1122 2339 dicebantur
1140 2239 1301 2326 barbari,
1324 2242 1391 2337 qui
1418 2241 1463 2312 ab
1491 2240 1686 2338 Aquilone
1712 2234 1878 2333 profecti
1905 2237 2148 2311 Pannoniam

397 2349 725 2447 aggrediebantur.
752 2355 974 2452 EDexippo
989 2358 1118 2453 script.
1131 2361 1232 2431 Hist.
1256 2363 1436 2451 (Byzant.
1451 2364 1470 2431 Ῑ
1487 2385 1524 2454 p.
1540 2362 1594 2449 5.)
1615 2381 1679 2435 eos
1696 2356 1924 2438 Danubium
1944 2374 2149 2455 transgres-

397 2492 459 2541 sos
487 2471 528 2541 in
556 2472 797 2577 Pannoniam
831 2476 985 2549 venisse
1023 2494 1174 2551 constat
1200 2494 1239 2547 et
1265 2476 1309 2547 in
1337 2476 1471 2579 tabula
1503 2452 1800 2575 Peutingeriana
1835 2451 2149 2550 sedes'eoruma

394 2569 580 2695 Danubio
610 2566 805 2670 Orientem
832 2616 980 2689 persus
991 2609 1150 2663 notatae
1161 2610 1290 2685 suut.
1332 2594 1570 2667 Ammianus
1580 2592 1831 2662 Marcellinus
1852 2594 1992 2673 (XVII,
2021 2595 2064 2679 6)
2082 2596 2149 2671 Ju-

383 2706 564 2819 „thungos
591 2677 896 2806 Alamannorum
922 2718 1069 2795 partem
1096 2675 1216 2785 dicit,
1239 2723 1334 2786 eam,
1362 2717 1406 2774 ut
1430 2699 1602 2785 videtur,
1626 2701 1675 2773 ob
1696 2726 1867 2786 causam.
1895 2706 2038 2801 quod
2026 2696 2150 2820 ipsius

392 2840 567 2933 ιειιιιιοιε
594 2840 735 2925 tractus
762 2820 894 2891 Italiae
923 2819 1185 2890 conterminos
1213 2835 1398 2889 tenerent
1478 2824 1578 2889 Nam
1596 2794 1816 2929 thhungos
1838 2810 2149 2899 Alamannorum

395 2964 478 3015 non
506 2941 625 3019 fuisse
653 2956 825 3037 gentem,
853 2934 930 3028 jam
958 2937 1048 3009 inde
1076 2936 1328 3035 colligilioct,
1358 2936 1495 3032 quod
1483 2960 1565 3031 lpse
1583 2936 1824 3050 Ammianus,
1852 2964 1939 3011 oum
1957 2942 2150 3053 Juthungi
2191 3004 2193 3007 ,

384 3060 628 3133 ‘Constantio
657 3076 695 3127 et
714 3056 870 3135 Juliano
897 3060 1023 3149 Impp.
1050 3056 1248 3127 Rhaetiam
1274 3052 1524 3149 infestarent,
1551 3054 1597 3125 ab
1623 3056 1687 3127 his
1710 3043 1857 3151 praeter
1883 3059 2069 3131 solitum·
2064 3085 2149 3155 op·

374 3178 578 3279 pidorum
605 3190 748 3247 tentata
775 3198 853 3245 ease
882 3171 1028 3245 obsidia
1056 3156 1160 3245 dicit.
1222 3174 1527 3249 Alamannorum
1563 3192 1691 3282 autem
1727 3195 1868 3272 quanta
1895 3175 2013 3251 fuerit
2039 3178 2149 3289 oppi-

325 3342 330 3359 .
387 3274 535 3399 'dorum
561 3290 914 3427 oppugnandorpm
942 3294 1089 3388 peritia,
1117 3292 1276 3367 historia
1304 3291 1435 3377 docet,
1463 3318 1552 3363 cum
1579 3317 1779 3389 nunquam
1797 3312 1933 3367 contra
1950 3282 2146 3365 Romanos

394 3391 542 3509 bellum
569 3428 761 3511 gererent,
789 3410 885 3507 quin
913 3411 1032 3483 multa
1061 3429 1098 3483 et
1123 3413 1384 3490 munitissima
1412 3411 1611 3485 castella
1600 3413 1648 3483 1is
1676 3427 1803 3488 essent
1828 3413 2094 3511 expugnanda.

448 3530 694 3631 Juthungi
713 3530 918 3603 Aureliano
946 3534 1177 3630 Imperatore
1203 3530 1372 3625 primum
1409 3548 1685 3633 memorantur.
1719 3510 1797 3601 cf.
1825 3554 1920 3669 quae
1946 3531 2147 3625 Dexippus

399 3630 455 3742 (l.
485 3675 515 3722 c.
543 3677 581 3747 p.
609 3652 686 3740 aa)
726 3650 771 3721 de
810 3674 943 3723 eorum
977 3650 1170 3747 logatione
1206 3647 1250 3719 ad
1288 3648 1538 3719 Aurelianum
1580 3646 1698 3720 missa
1735 3649 1942 3723 memoriae
1977 3649 2145 3724 tradidit.

397 3768 685 3876 Juthungorum
713 3768 840 3867 legati,
868 3784 911 3839 ut
937 3768 1070 3841 solitas
1097 3768 1277 3865 pecunias
1302 3766 1530 3839 aRomanis
1557 3767 1782 3860 acciperent.
1809 3769 1919 3843 missi
1945 3769 2048 3865 apud
2069 3770 2147 3841 Au·
2173 3792 2177 3801 ·

399 3889 610 3975 relianum,
646 3912 754 3961 suam
790 3905 944 4023 gentem
978 3890 1077 3957 Istro
1113 3885 1273 3975 trajecto
1311 3903 1434 3985 totam
1460 3910 1583 3983 paene
1605 3886 1754 3959 Italiam
1782 3886 1977 3982 quondam
2003 3888 2147 3983 cepisse

351 4092 359 4107 Ι
399 4026 437 4082 et
461 4014 528 4089 Jua
530 4006 750 4105 bungorum
777 4004 905 4101 copias
933 4029 980 4077 ex
1004 4005 1258 4104 quadraginta
1286 4005 1459 4077 millibus
1498 4006 1673 4101 equitum
1699 4022 1737 4080 et
1763 4006 1910 4101 duplici
1935 4024 2145 4090 scutorum,

397 4128 438 4199 id
466 4146 543 4213 est,
571 4124 746 4229 peditum
771 4148 934 4197 numero
972 4142 1168 4208 constare,
1205 4124 1431 4241 gloriantur.
1491 4124 1653 4196 Posthac
1678 4109 1964 4221 Juthungorum
1999 4128 2146 4196 nomen

279 4320 283 4327 .
350 4290 354 4297 .
399 4231 470 4304 etsi
499 4246 722 4324 corruptum
748 4230 791 4301 in
817 4225 1001 4301 Eumenii
1015 4250 1164 4323 paneg.
1195 4226 1444 4298 Constantini
1470 4225 1660 4297 Chloric.
1691 4250 1738 4299 ιο
1773 4226 1937 4325 legitur,
1973 4226 2042 4299 ubi
2068 4250 2145 4299 una

398 4373 485 4425 cum
514 4347 713 4455 Sarmatis,
750 4345 894 4445 Quadis
921 4362 959 4417 et
986 4350 1114 4441 Carpis
1141 4343 1333 4444 Vithungi
1359 4343 1540 4417 dicuntur
1565 4341 1775 4442 profligati.
1842 4384 1861 4407 2

469 4566 471 4571 Ι
498 4474 601 4543 Haec
627 4490 741 4567 gena,
770 4464 877 4560 cujus
904 4465 1009 4542 sedes
1036 4480 1145 4538 antea
1171 4466 1272 4537 ultra
1297 4462 1521 4543 Danubium
1548 4477 1657 4536 erant
1681 4462 1799 4553 sitae,
1827 4462 2024 4541 Ammiani
2049 4482 2144 4541 tem·
