4800 5567
959 183 1319 265 ..17-

268 400 495 479 Danubium
523 392 753 499 transgressi
779 393 828 469 ab
847 390 1060 471 Anastasio
1097 397 1195 489 Imp.
1231 416 1342 493 agros
1376 392 1419 467 iu
1452 393 1595 488 Illyriis
1630 418 1805 495 accepere
1840 402 2022 480 colendos

271 526 398 615 (Proc.
422 521 525 593 Bell:
554 520 667 593 Goth.
693 522 742 603 ΙΙ,
760 540 797 612 p.
819 518 908 589 alio.
928 515 1098 587 Marcell.
1119 512 1296 605 chron).
1331 514 1426 586 Inde
1443 538 1511 610 per
1530 514 1681 611 aliquot
1699 542 1820 591 annos
1836 524 2022 601 Romanis

141 641 145 649 '
267 639 366 715 fidos
401 664 440 715 se
470 638 728 711 exhibuerunt
758 632 905 721 socios,
947 632 1001 704 ita
1037 650 1082 705 ut
1115 631 1336 712 Justiniano
1375 632 1418 703 in
1453 636 1658 721 vandalos,
1692 638 1851 724 Gothos,
1890 646 2021 717 Persas

269 758 442 856 aliasque
463 776 595 857 gentes
621 756 719 829 bella
750 751 896 853 gerenti
922 751 1119 851 egregiam.
1143 766 1330 823 navarent
1363 774 1529 847 operam.
1583 752 1747 827 Posthac
1780 780 1800 854 a
1834 760 2019 837 Romanis

266 876 482 951 deficientes
512 894 550 949 et
580 874 734 971 Gepidis
763 868 938 961 adjuncti
970 868 1016 941 ab
1048 870 1126 942 illis
1152 887 1191 941 et
1221 894 1244 940 a
1275 869 1540 967 Langobardis
1567 871 1621 941 ita
1640 890 1742 945 sunt
1774 877 2018 967 comminuti,

266 1012 312 1069 ut
338 1020 396 1067 res
422 1018 557 1068 eorum
582 993 738 1089 penitus
765 1002 1031 1071 everterentur,
1083 989 1265 1061 Attamen
1291 987 1469 1084 sequenti
1493 1005 1665 1083 tempore
1684 991 1802 1067 variis
1824 994 1921 1070 locis
1941 1002 2016 1071 lle·

266 1114 439 1189 malorum
471 1114 516 1189 lit
539 1110 703 1189 mentio.
731 1106 779 1183 of.
806 1106 1024 1202 Descriptio
1058 1106 1161 1180 vitae
1194 1112 1247 1181 St
1277 1105 1450 1181 Severini
1475 1122 1515 1179 et
1544 1108 1684 1181 Gh'ron.
1711 1112 1836 1187 Idetii.

1083 1298 1119 1385 §-
1159 1314 1193 1383 7·

594 1455 666 1523 De
718 1445 911 1535 Gothis,
958 1447 1041 1544 qui
1091 1448 1392 1519 Tetraaeitae
1431 1462 1687 1522 cocuntur.

364 1639 424 1711 Ad
452 1637 609 1723 Gothos,
638 1620 780 1733 quibus
805 1635 1020 1708 Alanorum
1045 1612 1190 1706 nomen
1218 1634 1389 1706 inditum
1414 1652 1492 1721 est,
1530 1636 1571 1706 ii
1610 1657 1765 1732 quoque
1799 1639 2015 1715 Gothorum

262 1754 444 1831 videntur
469 1755 660 1828 referendi
687 1778 780 1841 esse,
808 1752 877 1851 qui
904 1778 923 1825 u
951 1752 1141 1889 Procopio
1168 1752 1381 1824 Tetraxitae
1406 1754 1670 1825 nominantur.
1724 1758 1881 1829 Hunnis
1908 1758 2014 1831 enim

259 1874 566 1971 irrumpentibus
591 1899 675 1948 non
703 1898 838 1947 omnes
866 1870 1004 1959 Gothi,
1033 1872 1100 1969 qui
1125 1888 1244 1943 terras
1270 1870 1460 1944 Maeotidi
1495 1888 1534 1943 et
1570 1877 1698 1946 Ponto
1734 1875 1890 1946 Euxino
1917 1876 2012 1949 vici·

258 2017 328 2065 nas
355 2010 523 2080 tenuere,
551 1992 656 2063 sedes
684 2013 770 2063 suas
797 1992 1047 2087 reliquerunt.
1100 1990 1171 2063 Sed
1197 2013 1284 2084 pars
1312 2014 1469 2077 eorum,
1506 1992 1684 2062 locorum
1721 1996 2013 2085 opportunitate
2104 2071 2108 2080 p
2159 2066 2180 2087 ,

259 2110 338 2183 tuti
364 2112 511 2182 circum
537 2106 744 2180 Maeotidis
772 2131 827 2193 os,
855 2107 924 2179 ubi
950 2114 1144 2203 Bosporus
1172 2124 1211 2179 et
1237 2108 1406 2180 cherson
1434 2108 1546 2181 urbes
1573 2110 1667 2181 sitae
1693 2127 1824 2198 erant,
1864 2134 2013 2185 reman·
2107 2198 2115 2211 ‚

259 2243 402 2301 serunt.
455 2226 705 2321 Procopius
693 2252 735 2297 ιιι
762 2225 862 2297 libro
889 2230 999 2299 IVc.
1028 2242 1063 2317 4.
1093 2226 1138 2297 de
1165 2226 1253 2298 hell.
1283 2224 1395 2298 Goth.
1423 2244 1462 2298 et
1487 2226 1534 2299 de
1560 2225 1673 2301 aedif
1701 2226 1781 2314 ΙΙΙ,
1811 2250 1833 2317 7
1862 2231 2013 2305 uberio-

256 2370 339 2417 rem
364 2322 458 2417 facit
484 2368 618 2416 eorum
643 2342 901 2429 mentionem,
940 2322 1078 2439 quihus
1113 2343 1211 2417 locis
1249 2344 1386 2429 tradit,
1422 2345 1493 2417 hos
1529 2345 1677 2420 Gothos
1711 2371 1794 2419 non
1832 2364 1911 2421 tam
1937 2374 2012 2423 nu·

257 2484 376 2547 mero,
405 2485 520 2558 quam
547 2460 797 2549 fortitudine,
825 2460 1055 2559 agricultura
1083 2479 1121 2532 et
1148 2486 1234 2561 erga
1260 2462 1483 2559 peregrinos
1508 2465 1747 2543 humanitate
1773 2468 2009 2543 excelluisse.

255 2579 437 2673 Procopii
464 2596 635 2671 tempore
662 2576 758 2649 fidos
793 2602 833 2650 se
860 2578 985 2651 socios
1012 2579 1197 2651 Romanis
1225 2582 1465 2674 praestitere3
1504 2583 1608 2655 uude
1645 2601 1772 2655 autem
1799 2588 2010 2660 Tetraxita-

251 2720 340 2769 rum
366 2718 511 2768 nornen
538 2694 777 2787 acceperint,
817 2718 901 2760 non
943 2696 1077 2783 liquet.
1130 2698 1164 2755 E
1202 2702 1444 2759 Graecorum*
1467 2714 1644 2781 sermone
1682 2701 1904 2767 desumtum
1929 2724 2010 2774 esse

254 2800 495 2907 ambigi-vix
520 2824 666 2903 potest;
695 2806 833 2878 horum
861 2803 967 2876 enim
995 2828 1171 2923 sermone
1197 2804 1326 2900 τέτραξ
1351 2828 1461 2877 avem
1488 2805 1682 2905 designat,
1711 2810 1781 2907 qui
1807 2812 2033 2893 Germanis

255 2927 399 3010 dicitur
422 2925 626 2997 Auerhahn
652 2925 715 2998 vel
741 2922 955 2996 Birlahuhn.
983 2921 1261 3019 Acceperintne
1287 2940 1414 2996 autem
1440 2923 1514 2996 hoc
1539 2950 1686 2996 nomen
1713 2931 1896 3003 avestitu
1914 2958 2009 3029 quo·

252 3046 341 3117 dam
368 3060 434 3113 aut
461 3068 481 3113 a
508 3040 635 3112 crebra
661 3037 775 3127 hujus
803 3038 884 3109 avis
911 3040 1139 3126 venatione,
1166 3066 1251 3114 non
1278 3060 1452 3131 constat,
1487 3068 1614 3141 neque
1648 3046 1772 3143 magis
1808 3072 2007 3148 quousque

252 3162 324 3231 hae
351 3159 566 3228 Gothorum
591 3152 773 3249 reliquiae
798 3153 1006 3250 viguerint,
1036 3182 1266 3253 quamquam
1296 3162 1418 3233 adhuc
1445 3180 1580 3235 octavo
1608 3158 1858 3239 saeculonon'
1875 3172 2005 3244 omnis

256 3298 389 3349 eorum
414 3270 601 3347 memoria
626 3270 782 3346 videtur
804 3268 1010 3345 interiisse.
1039 3272 1088 3346 cf.
1115 3276 1356 3371 Nicephorus
1384 3284 1514 3355 Const.
1542 3306 1581 3378 p.
1606 3306 1653 3375 ιγ
1681 3285 1739 3358 ed.
1768 3289 1900 3359 Vener.
1985 3318 1991 3325 ·

1072 3464 1109 3553 s·
1148 3482 1183 3551 a·

788 3614 882 3685 De
939 3610 1464 3719 Greuthungis

353 3797 431 3872 His
453 3796 623 3895 populis¹
637 3794 832 3884 Gothicis,
869 3797 937 3894 qui
973 3796 1089 3875 Alani
1115 3798 1211 3873 dicti
1236 3819 1329 3875 sunt
1355 3820 1393 3875 et
1419 3805 1465 3877 de
1491 3804 1630 3901 quibus
1656 3810 1851 3906 hucusque
1877 3836 2001 3886 sermo

249 3916 341 4005 fuit,
370 3913 539 3991 confines
567 3932 677 3987 erant
703 3914 922 4013 Gruthungi
950 3940 1019 3990 seu
1045 3920 1331 4019 Greuthungi,
1326 3924 1373 3995 de
1399 3922 1510 4015 cujus
1534 3927 1661 4023 gentis
1680 3929 1829 4028 origiue
1843 3932 2002 4005 Gothica

252 4035 460 4109 certissima
497 4050 647 4107 exstant
684 4031 828 4106 indicia
866 4034 934 4126 (cf.
968 4038 1094 4109 Amm.
1130 4041 1251 4111 Marc.
1286 4036 1442 4137 XXXI).
1494 4044 1649 4117 Horum
1682 4044 1778 4121 fines
1813 4049 2003 4123 orientem

251 4176 382 4227 versus
407 4153 550 4233 Alanos
578 4152 820 4251 attingebant
855 4154 999 4243 (Amm.
1033 4160 1152 4229 Marc.
1189 4162 1331 4259 XXXI,
1375 4163 1440 4251 3);
1476 4162 1673 4237 meridiem
1707 4184 1835 4238 autem
1869 4187 2024 4241 versus

251 4275 443 4344 Danastro
478 4269 640 4343 flumine
675 4296 696 4343 a
732 4271 962 4372 Theruingis
1002 4271 1343 4373 disjungebanturt
1385 4303 1586 4378 quousque
1619 4283 1661 4361 in
1701 4273 1935 4358 occidentem
1962 4304 2000 4359 et

251 4394 412 4473 dorcam
439 4412 573 4463 eorum
599 4387 694 4463 fines
721 4390 937 4488 patuerint,
971 4400 1057 4465 non
1085 4412 1247 4467 constat.
1300 4396 1342 4469 si
1373 4400 1564 4479 Joruandi
1588 4399 1682 4475 'fides
1702 4420 1777 4477 'est
1813 4402 1998 4491 habenda,

1563 4524 1591 4590 C
