4800 5567
987 186 1441 318 ..7...¹

133 552 136 561 ,
254 486 366 595 quae
396 452 528 541 nohis
557 446 722 557 tradita
761 458 899 549 sunt,
929 466 1064 559 supra
1105 439 1291 527 modum
1334 439 1544 562 obscura,
1587 444 1798 529 intercisa
1835 464 1883 530 et
1921 444 2007 532 sihi

254 633 446 723 invicem
476 620 771 737 repugnantia
801 610 935 720 sunt,
977 611 1106 727 quod
1129 616 1368 731 praecipue
1412 617 1461 697 in
1493 634 1755 727 argumento
1786 582 2007 729 quaestio·

163 746 165 753 Ι
254 800 327 881 nis
350 790 631 913 propositae,
660 785 825 902 quade
849 777 1229 897 ostrogothorum
1252 801 1299 868 et
1316 783 1654 895 Visigothorum
1678 784 1861 899 origine
1874 814 2006 899 quae·

251 972 387 1066 rimr,
420 960 714 1077 conspicuum
744 952 808 1041 fir„
871 956 1035 1041 Omnia
1064 957 1327 1039 testimonia
1354 973 1402 1039 et
1430 952 1610 1084 indicia,
1643 984 1759 1069 quae
1788 955 1877 1046 huc
1907 986 2005 1072 spe.

251 1151 387 1236 nant,
420 1135 459 1215 si
487 1128 827 1241 diligentissime
856 1120 1111 1231 contuleris,
1144 1145 1264 1209 certa
1289 1124 1377 1210 tibi
1403 1128 1585 1209 exsistet
1608 1130 1862 1242 persuasio,
1889 1154 2003 1214 nun·

250 1332 384 1417 quam
424 1300 510 1383 hae
549 1297 605 1383 de
644 1327 692 1381 re
733 1282 999 1383 sententiam
1025 1288 1087 1379 ab
1128 1300 1257 1379 omni
1293 1272 1437 1413 parte
1460 1299 1525 1381 ita
1510 1300 1786 1493 ‘munitam
1810 1294 2004 1414 pioier'ri
2128 1385 2132 1394 ,

136 1658 139 1662 ·
168 1652 170 1655 ’
208 1616 209 1621 ¹
248 1670 330 1754 per
358 1530 642 1741 Jornandem,
674 1640 755 1749 qui
785 1664 831 1721 se
862 1640 958 1775 ipse
976 1665 1123 1722 rerum
1147 1636 1440 1722 Gothicamm
1464 1635 1704 1753 profitetur
1724 1640 2001 1759 scriptorem,

234 1766 502 1891 'Gothorum
543 1805 757 1891 historiae
806 1806 1000 1893 multum
1043 1807 1328 1893 obscuritatis
1369 1826 1416 1893 et
1452 1798 1656 1893 fallaciae
1708 1784 1885 1892 illenim
1920 1828 2000 1892 est

244 1975 637 2090 Quemadmodum
658 1980 781 2059 enini
811 2006 837 2059 a
862 1974 1104 2061 Ludenio
1086 2006 1140 2062 111
1162 1977 1355 2063 secunda
1380 1998 1508 2095 parte
1531 1978 1746 2063 historiae
1773 1979 2002 2066 Germani-

234 2150 322 2261 cae
353 2147 528 2257 saepius
571 2140 923 2229 demonstratum
966 2158 1110 2231 estet
1149 2177 1205 2232 ex
1243 2147 1328 2231 hac
1366 2148 1747 2238 commentatione
1789 2178 2000 2234 nonnun-

150 2290 154 2295 ’
244 2268 380 2423 quam
408 2310 607 2426 patebit,
637 2311 884 2403 jornandes
909 2342 1005 2399 non
1030 2314 1172 2401 modo
1203 2320 1396 2434 scriptor
1424 2338 1493 2405 est
1526 2324 1708 2437 ineptus
1748 2338 1796 2403 et
1819 2317 2006 2443 'fabulis

242 2478 509 2595 judiciisque
538 2489 875 2599 praeconceptis
906 2483 1132 2594 addictus„
1174 2488 1252 2574 sed
1282 2475 1419 2576 etiam
1447 2493 1521 2595 is,
1550 2495 1630 2603 qui
1668 2519 1818 2602 neque
1858 2487 2000 2571 histo·

240 2652 356 2731 riam
374 2652 619 2761 'moresque
662 2652 918 2739 Gothorum
959 2652 1083 2741 satis
1105 2665 1307 2767 noverit.
1340 2689 1499 2757 neque
1539 2654 1661 2743 nova
1701 2627 1918 2759 quaedam
1948 2660 1998 2735 in

192 2902 194 2907 Α
242 2785 402 2897 lihello
437 2841 518 2897 suo
551 2802 874 2894 conscribendo
905 2806 1072 2923 fingere
1111 2808 1400 2897 dubitaverit.
1439 2842 1442 2847 ·
1485 2812 1614 2930 Quae
1653 2815 1916 2951 Joruandes¹
1940 2812 2000 2903 de'

241 2980 496 3068 Gothorum
526 2978 715 3064 historia
745 2984 946 3096 scripsit,
977 2978 1122 3065 adhuc
1152 2979 1428 3095 diligentiori
1457 2984 1662 3098 indigent
1687 3002 1893 3095 censore,
1925 2988 1994 3093 u't,

241 3176 358 3256 quae
396 3146 504 3229 fides
543 3150 613 3229 sit*
641 3144 847 3229 habenda
887 3146 1114 3256 fontibus,
1156 3152 1320 3264 quibus
1359 3155 1607 3247 Jornandes
1645 3181 1752 3243 usus
1795 3178 1885 3263 est,
1925 3164 1994 3243 in·

240 3316 484 3424 vestigetur
522 3334 567 3399 et
605 3319 702 3421 at,
723 3343 839 3431 quae
879 3344 985 3401 vera
1026 3337 1155 3425 sunt,
1194 3350 1222 3405 a
1250 3321 1413 3409 fabulis
1463 3345 1510 3413 et
1550 3333 1815 3415 commentis
1854 3359 1991 3417 secere
2016 3326 2056 3377 ·’

178 3454 189 3465 ³
239 3502 420 3566 uantur.
625 3438 630 3449 .
827 3461 832 3476 ι
967 3482 973 3492 ’
1401 3614 1404 3621 Ι

217 3642 220 3649 ⁴
360 3648 499 3763 Quod
525 3650 582 3733 ad
611 3657 729 3738 viam
760 3676 805 3741 et
834 3660 1079 3763 rationem,
1120 3688 1237 3773 quae
1277 3664 1388 3748 mihi
1419 3668 1468 3751 in
1497 3658 1580 3753 hac
1611 3676 1990 3757 commentatione

237 3816 434 3901 ineunda
457 3818 692 3906 videbatur
712 3852 818 3943 esse,
840 3832 1018 3934 attinet,
1040 3834 1089 3913 in
1110 3836 1252 3947 priori
1272 3839 1368 3937 ejus
1386 3856 1512 3951 parte
1530 3842 1582 3923 in
1605 3844 1882 3954 singulorum
1907 3834 1989 3960 poss

229 3988 462 4101 pulcrum,
487 3992 566 4102 qui
587 3961 717 4076 inter*
729 3994 902 4081 Gothos
925 4022 1230 4135 numerantur,
1255 4010 1445 4113 ¹nomina
1467 4027 1514 4091 et
1534 4007 1657 4123 sedes
1677 4016 1907 4126 inquisivi,
1938 4017 1986 4097 in

235 4162 474 4273 posteriori
507 4178 656 4245 autem
687 4182 838 4279 parte,
868 4175 1110 4253 sententias
1140 4170 1225 4255 hac
1253 4195 1406 4261 nostra
1438 4176 1492 4261 de
1523 4209 1571 4263 re
1603 4182 1801 4297 prolatas
1836 4201 1881 4267 et
1920 4170 1986 4267 ar·

237 4344 468 4431 gumenta,
510 4328 671 4441 quibus
719 4338 945 4444 nitantur,
988 4342 1237 4427 examinavi
1278 4364 1325 4429 et
1357 4374 1472 4460 quae
1507 4376 1620 4465 ¹prae
1653 4357 1809 4440 ceteris
1852 4354 1984 4436 certis
