4800 5567
1739 128 1773 178 ἦ

976 176 1542 270 Lar-.-

298 344 475 476 ficeretur
502 391 575 495 ⁸⁶),
603 372 739 489 Gothi,
776 397 846 499 qui
880 396 1135 473 Walamirum
1163 412 1201 468 et
1226 412 1359 492 postea
1394 392 1675 470 Theodericum
1710 398 1983 497 sequebantur,
2012 421 2080 476 et.

298 528 462 575 numero
487 522 527 579 et
552 506 726 601 potentia
753 502 1009 601 augebantur,
1046 499 1097 572 ita
1136 513 1204 571 ut
1214 498 1331 572 multi
1366 500 1581 572 Gothorum
1615 500 1850 596 reliquorum
1886 502 2048 609 ducibus
2142 494 2155 509 ⁸

298 603 471 678 destituti
498 630 587 679 cum
622 606 681 679 hia
718 604 1045 701 conjungerentur
1071 618 1109 673 et
1144 625 1224 672 una
1260 602 1490 672 Thraciam
1499 603 1723 675 incolerent.
1777 608 1830 677 Hi
1864 631 2047 679 omnesa

298 706 473 781 Gothis'
462 732 506 779 ιιι
534 696 654 785 Gallia
682 725 720 779 et
745 706 933 802 Hispania
972 702 1198 799 Ostrogothi
1236 718 1329 775 sunt
1361 704 1477 790 dicti,
1522 704 1665 801 quippe
1703 708 1770 803 qui
1796 708 1839 779 in
1867 708 2046 779 orientali

294 808 449 904 imperii
474 828 581 906 parte
605 824 866 892 versarentur,
904 830 981 902 quo
1007 805 1169 877 nomine
1204 804 1320 875 etiam
1354 822 1439 875 tum
1466 829 1486 878 a
1511 806 1723 927 Visigothis
1758 810 2047 907 distingueban·
2109 833 2113 842 ’

295 929 384 998 tur,
413 934 500 984 curn
528 912 768 983 Theodorico
797 908 1041 983 celeberrimo
1068 931 1200 979 eorum
1228 908 1323 979 duce
1348 907 1500 980 Italiam
1528 912 1832 1005 occupavissent.
1886 912 1937 983 At
1963 936 2047 983 non

295 1036 430 1086 omnes
458 1014 597 1100 Gothi,
626 1012 768 1110 quibus
802 1010 1126 1109 Ostrogothorum
1161 1007 1238 1081 fuit
1271 1033 1437 1095 nornen,
1474 1009 1633 1081 Thracia
1637 1014 1898 1132 ..Moesiaque
1903 1015 2045 1087 relictis

295 1112 576 1187 Theodericum
611 1114 764 1211 sequuti
799 1130 910 1197 sunt,
945 1110 1010 1184 sed
1044 1134 1209 1209 magnus
1246 1134 1379 1181 eorum
1411 1135 1597 1185 numerus
1633 1114 1675 1184 in
1704 1115 1782 1187 illis
1810 1115 1920 1188 terris
1946 1140 2043 1188 rese·

292 1216 361 1289 dit.
389 1214 438 1288 ef.
490 1222 652 1336 Procop..
674 1216 769 1288 Bell
791 1214 904 1286 Goth.
924 1218 953 1283 Ι.
981 1236 1019 1309 p.
1043 1232 1126 1301 ¹65·
1156 1209 1213 1283 ed.
1242 1216 1347 1285 Grot.
1375 1211 1482 1283 etad
1507 1215 1577 1286 hoa
1598 1216 1747 1287 Gothos
1769 1240 1922 1313 quoqne
1947 1217 2043 1289 refe·

293 1318 404 1389 rendi
430 1333 543 1404 sunt,
581 1319 649 1414 qui
674 1337 695 1389 a
720 1316 915 1397 Jornande
943 1316 1001 1405 (c.
1032 1318 1107 1403 51)
1136 1314 1259 1387 ootht
1282 1314 1454 1388 minores
1489 1309 1722 1388 ιΙΙοιιιιιιιι3
1725 1314 1770 1406 ¹.)
1833 1320 2042 1413 Scriptores
2143 1404 2147 1411 .

293 1434 420 1491 autem
459 1418 662 1493 orientales
696 1442 830 1493 omnes
864 1418 935 1491 hos
971 1417 1117 1491 Gothos
1144 1433 1182 1487 et
1218 1416 1355 1511 quiin
1390 1417 1541 1488 Italiam
1577 1434 1687 1488 erant
1720 1416 1886 1514 profecti
1912 1438 1950 1491 et
1976 1421 2043 1515 qui

289 1518 434 1593 residui
461 1519 553 1594 facti
580 1537 708 1607 erant,
746 1520 892 1592 Gothos
926 1535 1080 1590 tantum
1114 1519 1317 1591 nominare
1350 1518 1544 1605 solebant,
1581 1518 1724 1617 quippe
1761 1521 1829 1616 qui
1855 1520 1957 1593 inter
1982 1524 2041 1643 ip·

290 1646 354 1697 sos
382 1624 577 1695 Romanoa
605 1622 808 1695 orientales
842 1619 1068 1693 habitarent.

390 1724 555 1820 Quinam
584 1741 710 1796 autem
736 1722 874 1839 populi
901 1721 1049 1819 singuli
1075 1722 1121 1793 ad
1149 1722 1470 1819 ostrogothorum
1487 1744 1630 1793 nomen
1656 1720 1934 1817 pertinuerint,
1962 1750 2040 1797 eas·

289 1827 376 1899 dem
405 1826 454 1897 ob
482 1849 635 1912 causas,
664 1850 758 1943 quana
784 1824 827 1894 in
855 1822 1067 1921 visigothis
1105 1824 1517 1911 commemoravimus,
1556 1822 1635 1896 dici
1668 1843 1750 1897 non
1785 1843 1923 1921 potest.
1978 1832 2041 1897 In-

288 1944 346 1999 ter
359 1927 649 2025 ostrogothos,
678 1925 746 2020 qui
772 1925 923 1995 Italiam
950 1940 1123 2007 tenuere,
1159 1928 1358 2022 Rugorum
1398 1944 1552 1998 tantum
1586 1950 1731 2000 nomen
1769 1944 1917 2013 exstat,
1944 1952 2039 2023 quo·

286 2052 374 2099 rum
401 2050 488 2123 para
514 2024 836 2099 Theodericum
825 2048 869 2097 ιιι
894 2025 1045 2099 Italiam
1071 2042 1233 2123 sequuta
1266 2042 1336 2099 est.
1372 2026 1422 2100 cf.
1460 2034 1621 2126 Procop.
1650 2028 1763 2103 Goth.
1790 2033 1856 2101 111.
1883 2055 1920 2125 p.
1952 2052 2036 2125 3⁰9·

186 2154 193 2162 ·
288 2126 345 2199 ed.
373 2134 479 2203 Grot-

1586 2302 1601 2335 Ι

307 2506 428 2590 3ο)
452 2506 654 2601 Quamquam
684 2511 728 2578 Aa
753 2536 787 2579 ar
808 2518 1030 2581 Romanorum
1067 2536 1117 2579 re·
1204 2514 1340 2579 damnis.
1350 2514 1405 2581 cf.
1427 2516 1552 2581 Chron.
1574 2518 1687 2581 Pascit.
1710 2542 1742 2603 p.
1764 2530 1837 2599 323.
1883 2519 2036 2585 Malchua

270 2603 344 2665 >hur
366 2614 545 2685 praeesset,
584 2614 693 2659 tamen
749 2597 865 2673 othoa,
889 2616 1026 2695 quorum
1049 2598 1148 2657 dux
1201 2616 1309 2681 p.9s.

281 2686 508 2749 Theudoricus
530 2679 652 2741 Triarii
684 2678 770 2743 lilius
802 2702 874 2742 cum
897 2683 955 2742 ιΙΙο
978 2678 1116 2743 affinita·
1287 2682 1345 2759 31)
1379 2683 1447 2750 Ea,
1491 2704 1574 2766 quae
1616 2686 1798 2751 Jornandea
1833 2686 1873 2749 de
1916 2689 2034 2751 Gothia

283 2769 325 2827 tis
347 2769 481 2827 vinculo
512 2776 582 2823 erat
611 2768 825 2864 conjunctus,
864 2786 906 2827 ex
940 2763 1002 2826 hac
1037 2786 1114 2825 con·
1201 2764 1363 2829 Moesiam
1385 2767 1606 2831 incolentibus
1628 2768 1746 2863 tradit,
1771 2770 1841 2833 ad'
1831 2772 1934 2854 rpaiua
1956 2788 2035 2835 tem-

281 2851 452 2933 junctione
473 2850 574 2909 multa
596 2860 690 2929 perce
717 2871 779 2911 rste
801 2849 908 2914 bona,
942 2848 1114 2911 admodum
1200 2873 1280 2935 pora
1303 2873 1374 2915 ease
1394 2852 1576 2929 referenda,
1600 2875 1640 2915 ex
1663 2856 1734 2937 ipsa
1754 2854 1972 2957 descriptione
1986 2880 2033 2920 ae·

281 2948 331 2995 eat
353 2934 528 2995 versimile.
588 2850 855 2995 Theodericus
843 2934 917 3031 ipse
940 2931 1035 3015 hujus
1058 2955 1114 2995 ne·
1222 2938 1323 2998 uitur.
1389 2936 1540 2999 Wulfilas
1584 2954 1690 2999 autem
1736 2940 1865 3025 quando
1895 2943 2032 3018 vixerit,

281 3038 350 3080 cem
383 3021 509 3079 ulturus
552 3016 718 3079 Romanoa
762 3017 961 3099 gravissimis
1004 3017 1114 3079 affecit
1198 2957 1390 3085 hrainei
1378 3007 1585 3109 incognitum
1606 3023 1739 3091 videtur
1764 3027 1877 3089 fuisse.
