4800 5567
1067 178 1426 327 ..40⁸-

1172 476 1211 599 §O

498 658 562 727 De
588 648 843 751 argumentis,
869 668 967 745 quoe
993 642 1187 719 tsedibus
1218 644 1432 723 Gothorum
1456 662 1495 724 et
1518 650 1625 729 rebus
1646 656 1767 756 gestis
1799 670 1992 754 petuntur.

378 832 381 843 '
470 822 648 897 Vidimus
677 844 791 917 ergo,
818 817 972 889 nullum
999 812 1231 911 scriptorum
1258 819 1527 897 testimonium
1556 840 1702 913 certum
1732 822 1919 922 proferri,
1947 852 2024 925 quo
2049 831 2125 914 Go-⁸

369 932 457 1003 thos
486 940 575 999 ante
615 921 756 997 soeculi
794 916 924 1015 quinti
962 916 1122 991 initium
1154 918 1196 991 in
1229 923 1485 1021 Ostrogothus
1518 940 1556 996 et
1580 926 1805 1028 visigothos
1832 929 1978 1005 divisos
2003 927 2124 1005 fuisse

366 1028 525 1128 probari
554 1024 687 1123 possit.
765 1016 988 1095 Afferuntur
1017 1036 1145 1093 autem
1170 1023 1218 1094 ad
1249 1024 1351 1097 hanc
1383 1024 1616 1101 sententiam
1639 1030 1878 1125 probandam
1905 1031 1979 1105 alia
2010 1056 2126 1129 quae·

363 1132 458 1207 ,dam
485 1144 729 1229 argumenta,
756 1148 776 1197 a
806 1122 962 1197 sedibus
986 1138 1025 1195 et
1047 1123 1160 1195 rebus
1193 1123 1311 1224 gestis
1344 1128 1485 1223 petita,
1519 1153 1616 1225 quae
1650 1131 1807 1228 quidem
1831 1158 1916 1207 non
1950 1151 2031 1205 tam
2065 1158 2125 1207 ar·

243 1260 248 1271 ’
368 1246 554 1335 gumento
580 1226 862 1312 nominaveris,
891 1249 1006 1323 quam
1030 1225 1113 1299 vias
1140 1244 1178 1298 et
1202 1226 1341 1301 modos
1365 1228 1515 1311 varios,
1543 1230 1684 1325 quibus
1706 1235 1913 1313 Jornaodis
1938 1236 2128 1309 namatio·

369 1361 460 1411 nem
486 1357 574 1407 cum
600 1331 758 1403 historia
785 1351 986 1422 rerumque
1012 1344 1114 1401 statu
1141 1328 1349 1403 conciliare
1375 1330 1618 1405 studuerunt.
1671 1339 1777 1431 Quae
1801 1353 1931 1411 autem
1955 1336 2055 1411 banc
2079 1336 2123 1411 in

274 1477 282 1493 ν
369 1462 451 1513 rem
476 1432 749 1533 proferuntur,
776 1430 868 1501 haec
893 1425 972 1501 fere
999 1444 1113 1503 suntt
1184 1452 1194 1514 J
1746 1511 1750 1516 ἡ

392 1626 399 1635 .
473 1560 507 1611 1.
537 1540 667 1631 Quum
692 1530 863 1629 primum
892 1532 1107 1605 Gothorum
1132 1532 1294 1627 populi,
1329 1532 1483 1609 sedibus
1518 1536 1688 1633 antiquis
1715 1538 1883 1628 relictis,
1909 1540 1958 1613 ad
1982 1540 2124 1613 Roma·

368 1664 512 1743 norum
540 1636 636 1711 fines
664 1651 920 1721 accesserunt,
957 1633 1104 1733 singuli
1138 1635 1232 1708 duas
1267 1652 1450 1709 terrarum
1476 1653 1605 1733 partes
1630 1636 1839 1713 admodum
1865 1640 2032 1717 diversas
2058 1630 2125 1738 pe·'

368 1746 502 1817 tivere.
553 1743 679 1810 Altera
707 1738 921 1821 Gothorum
948 1760 1034 1831 pars
1061 1734 1221 1809 Daciam
1247 1740 1414 1836 aggressi
1447 1756 1542 1813 sunt
1566 1741 1684 1811 etita
1710 1742 1909 1816 continuis
1936 1744 2124 1841 aggressi·

367 1846 441 1919 bus
467 1846 735 1919 Romanorum
749 1862 854 1935 ,opes
881 1835 1151 1926 confecerunt,
1176 1856 1224 1909 ut
1244 1839 1472 1914 Aurelianus
1489 1838 1716 1915 necessitato
1734 1835 1887 1915 coactus
1912 1840 2013 1917 hanc
2031 1866 2124 1938 pro·

238 1988 250 2013 .
348 1936 539 2019 ‘vinciam
568 1944 691 2034 (anno
718 1966 757 2039 p,
786 1941 871 2044 Ghr.
895 1966 935 2013 n.
957 1942 1065 2031 273.)
1092 1940 1261 2014 barbaris
1286 1942 1531 2039 relinqueret.
1583 1944 1706 2017 Alteri
1723 1942 1938 2017 Gothorum
1958 1944 2124 2041 propius

369 2046 418 2121 ad
444 2048 639 2120 Orientem
666 2058 905 2117 accesserunt
930 2060 969 2114 et
993 2038 1256 2117 fertilissimos
1292 2067 1405 2145 agros
1441 2044 1633 2135 Maeotidi
1668 2046 1801 2142 paludi
1826 2063 1865 2119 et
1889 2050 2017 2119 Ponto
2043 2050 2124 2120 Eu·

356 2150 466 2230 >rino
500 2146 655 2221 vicinos
691 2146 806 2219 armis
843 2143 918 2216 sibi
953 2163 1286 2241 comparaverunt.
1364 2144 1631 2235 ninculus
1665 2147 1826 2221 Daciam
1859 2146 2125 2221 incolentibus

370 2249 617 2348 Ostrogothi,
642 2248 701 2320 illi
728 2248 773 2320 ab
802 2246 862 2320 his
887 2246 1083 2345 visigothi
1110 2247 1203 2319 dicti
1228 2264 1332 2321 sunt.
2108 2249 2112 2257 '

474 2373 509 2424 a.
539 2349 760 2423 Discrimen
787 2348 981 2445 quoddam
1008 2346 1123 2421 etiam
1150 2348 1193 2421 in
1219 2348 1332 2423 rebus
1358 2351 1576 2447 Gothorum
1611 2350 1729 2451 gestis
1756 2348 1865 2423 cerni
1889 2349 1993 2425 licet.
2046 2354 2122 2424 Go·
2195 2410 2200 2419 .

241 2528 245 2537 ,
369 2454 429 2528 tbi
456 2452 582 2537 enim,
610 2450 679 2553 qui
706 2452 753 2523 ad
777 2455 946 2541 Pontum
980 2451 1179 2523 Euxinum
1205 2450 1311 2525 sedes
1338 2452 1639 2537 collocaverant,
1674 2454 1868 2549 imprimit
1900 2452 1958 2525 rei
1992 2449 2126 2525 nauali

370 2578 524 2657 operam
552 2553 684 2625 dedero
710 2568 749 2627 et
774 2552 995 2647 saepissime
1028 2552 1196 2625 maxima
1231 2552 1391 2627 navium
1417 2554 1528 2651 copia
1555 2554 1721 2649 profecti
1744 2578 1829 2629 non
1863 2552 1981 2627 modo
2006 2552 2125 2627 Ponti

321 2660 324 2675 '
371 2680 456 2731 oros
483 2653 696 2729 maritimas
723 2652 994 2767 populabundi
1019 2668 1263 2731 vastamur,-
1280 2656 1347 2717 eed
1379 2654 1499 2719 etiem
1531 2654 1786 2745 Hellesponto
1821 2653 1978 2742 trejecto
2005 2657 2126 2727 Thra-¹

371 2760 494 2843 ciam,
530 2750 820 2834 Macedonum,
859 2747 1054 2820 Graeciam
1088 2762 1126 2817 et
1160 2746 1306 2819 insulas
1333 2746 1501 2847 longius
1542 2768 1709 2825 remotas
1753 2753 1977 2846 depopulati
2016 2744 2122 2827 sont.

371 2859 491 2937 Gothi
516 2874 668 2939 autem,
696 2852 764 2948 qui
789 2849 946 2923 Daciam
974 2865 1012 2919 et
1038 2864 1154 2929 terras
1180 2847 1365 2921 Danubio
1390 2848 1540 2923 uicinas
1565 2868 1745 2942 tenuere,
1782 2855 1993 2941 Moesiam,
2027 2860 2124 2928 Pan·

244 2962 246 2967 ’
369 2960 535 3037 huniam
571 2974 609 3031 et
642 2954 841 3047 Illyricum
874 2947 1185 3047 expeditionibus
1221 2950 1418 3025 continuis
1452 2970 1699 3029 vexaverunt.
1764 2958 1870 3053 Quae
1893 2980 1955 3029 res
1980 2978 2002 3027 e
2027 2954 2123 3027 duo·

369 3067 442 3141 bus
470 3060 686 3149 Gothorum
712 3050 929 3135 foederibus
955 3052 1138 3129 videntur
1163 3052 1389 3151 repetendae
1414 3076 1507 3131 esse.

859 3248 881 3295 b
1180 3248 1217 3337 §.
1257 3266 1317 3317 ιι.

579 3406 654 3475 De
697 3396 1045 3503 argumentis,
1085 3420 1211 3495 quoe
1243 3410 1418 3471 contro
1452 3393 1575 3471 hoec
1607 3384 1918 3501 offeruntur.

474 3572 710 3674 Argumenta
736 3570 854 3643 modo
882 3569 1056 3667 exposite
1093 3566 1286 3644 levissimi
1322 3582 1414 3642 sunt
1447 3565 1648 3639 momenti.
1713 3566 1932 3639 Gothorum
1966 3559 2131 3661 populi,-

282 3747 286 3755 .
370 3699 525 3777 pugnae
552 3692 590 3748 et
616 3662 773 3768 pr'aedao
808 3672 934 3758 ovidi,
974 3694 1049 3769 qua
1085 3670 1132 3743 de
1170 3692 1282 3742 causo
1317 3668 1484 3743 diversas
1519 3667 1703 3764 petierint
1736 3668 1934 3768 regiones,
1961 3690 1982 3741 e
2006 3682 2124 3738 terre·

372 3804 461 3853 rum
495 3776 575 3852 situ
608 3777 698 3851 satis
735 3774 992 3875 cognoscitur.
1046 3772 1181 3847 Gothis
1209 3772 1325 3843 enim*
1341 3774 1539 3843 Romanos
1566 3770 1798 3869 aggressuris
1823 3770 1933 3842 nulla
1958 3768 2033 3839 alia
2057 3791 2127 3863 pa·
2208 3855 2211 3868 Ι

371 3882 476 3956 tebet
500 3881 584 3966 via,
612 3900 725 3975 quum
753 3894 798 3949 ut
822 3876 886 3950 vel
911 3880 1053 3975 istrum
1087 3871 1305 3962 trajicerent
1338 3874 1403 3947 vel
1435 3872 1601 3946 navibus
1627 3872 1855 3966 comparetis
1880 3888 1999 3943 terras
2025 3868 2126 3941 mari

373 3982 587 4075 adjacentes
613 3980 915 4079 ingrederentur.
967 3974 1061 4049 Duo
1088 3992 1215 4047 autem
1242 3974 1362 4049 fuisse
1394 3991 1479 4046 tum
1504 3974 1690 4071 temporis
1716 3974 1932 4049 Gothorum
1956 3968 2123 4059 foedera,

373 4082 696 4183 Ostrogothorum
723 4099 761 4152 et
786 4079 1076 4179 visigothorum
1103 4075 1334 4151 nominibus
1368 4076 1581 4177 insignita,
1619 4074 1857 4175 argumentis
1883 4070 2124 4175 gravmimis

371 4189 416 4260 in
444 4186 606 4260 dubium
631 4185 761 4275 vocari
786 4183 886 4259 licet.
1302 4249 1306 4255 .

480 4314 511 4362 ι.
539 4287 702 4361 Nullum
729 4286 830 4359 inter
856 4280 1043 4383 quosdam
1078 4282 1293 4355 Gothorum
1319 4281 1486 4378 populos
1523 4280 1663 4353 arctius
1702 4276 1895 4353 societatis
1920 4276 2124 4349 vinculum

372 4392 515 4477 fnisse,
542 4389 593 4466 iis
620 4390 868 4486 potissimum
894 4385 1132 4481 temporibus
1160 4383 1415 4479 conspicuum
1442 4382 1693 4467 estfactum,
1729 4382 1869 4478 quibus
1894 4380 2023 4476 aliqua
2048 4382 2123 4449 Go-

371 4498 530 4567 thorum
555 4514 642 4591 pars
670 4520 691 4570 a
718 4489 917 4569 communi
937 4488 1051 4601 hpste
1078 4484 1386 4587 oppugnabatur.
1438 4486 1578 4560 Valens
1603 4491 1814 4583 Imperator
1839 4506 1931 4559 cum
1954 4504 2023 4579 per
2046 4498 2123 4553 tres
