4800 5567
1012 331 1017 340 ,

395 419 439 489 in
469 434 604 487 omnes
632 410 778 481 Gothos
806 382 895 481 'suae
921 405 1095 492 ditionis,
1124 405 1191 503 qui
1217 403 1428 479 Christiani
1452 403 1547 481 facti
1572 418 1710 501 essent,
1737 419 2046 513 persecutionem
2068 452 2151 501 mo·
2185 493 2189 499 ,

395 536 456 609 uit
481 556 623 629 eosque
649 546 715 599 aut
740 552 890 603 novum
909 529 1033 599 'ritum
1061 526 1230 597 deserere
1257 544 1324 597 aut
1350 527 1564 599 Gothorum
1601 548 1719 607 terras
1753 536 1972 636 relinquere
2010 546 2171 647 c'oigit„

397 662 505 726 lnter
529 654 599 722 hos
627 649 794 729 Gothos,
831 648 899 743 qui
926 648 971 719 ab
999 645 1390 739 Athanaricopauiis
1427 646 1581 725 sedibus
1616 654 1769 747 expulsi
1805 658 1849 731 in
1883 662 2151 743 Romanorum

396 792 513 845 terras
541 768 769 855 transirent,
804 766 1019 861 Ulphilam.
1049 764 1338 837 celeberrimum
1364 785 1500 837 eorum
1525 768 1772 867 episcopum,
1798 774 1921 851 fuisse
1935 750 2152 856 'vetuimus

396 893 536 963 limum
572 904 641 961 est.
706 887 776 958 Illa
812 885 1033 959 Athanarici
1067 882 1286 981 persecutio
1319 883 1545 981 plerumque
1579 888 1629 961 ad
1661 914 1936 987 annum1373.
1974 900 2148 975 refertur.

398 1006 448 1081 cf.
475 1010 637 1081 Hieron·
668 1006 807 1077 Chron.
838 1008 938 1077 Socr.
972 1003 1062 1093 hist.
1088 1004 1178 1075 eccl.
1206 1008 1278 1089 IV,
1306 1006 1551 1101 umbonum.
1578 1012 1652 1095 VI,
1682 1015 1743 1099 36.

502 1148 536 1214 5.
564 1123 736 1197 Maxima
764 1124 1071 1221 Theruingorum
1099 1138 1204 1217 parte
1236 1138 1328 1216 post
1363 1126 1601 1200 Hunnorum
1635 1128 1900 1205 incursionem
1930 1136 1977 1209 in
2013 1140 2152 1214 Roma-
2263 1201 2267 1205 -

398 1256 542 1321 norum
568 1240 910 1327 terris'versante,·
927 1240 1177 1315 Athanaricus
1203 1258 1309 1313 trans
1335 1239 1564 1313 Danubium
1600 1268 1842 1323 remanserat.
1903 1255 2153 1355 Fridigernus

398 1382 548 1449 autem,
577 1360 646 1457 qui
671 1363 879 1433 maximam
915 1360 1179 1432 auctoritatem
1206 1360 1309 1463 inter
1334 1360 1578 1459 Theruingos
1604 1382 1642 1435 et
1676 1368 1847 1464 reliquos
1875 1374 2044 1462 Gothos,
2082 1376 2153 1472 qui

397 1481 623 1557 Danubium
650 1481 899 1565 transierant,
937 1496 1074 1551 nactus
1102 1495 1199 1558 erat.
1226 1479 1368 1552 vetetis
1394 1478 1623 1551 inimicitiae
1648 1506 1799 1556 memor
1824 1486 1985 1579 trajecto
2011 1493 2156 1569 iterum

397 1600 585 1675 Danubio
611 1598 884 1670 Athanaricum
910 1596 1101 1669 hostiliter
1127 1598 1283 1671 adortus
1308 1615 1387 1682 est,
1414 1599 1483 1693 qui
1508 1597 1655 1693 victus,
1682 1618 1729 1672 ut
1752 1602 1916 1690 videtur,
1946 1634 2035 1681 cum
2060 1628 2155 1705 paua

398 1719 454 1793 cis
481 1714 641 1815 suorum
669 1714 1037 1808 Constantinopolin
1066 1712 1112 1785 ad
1138 1714 1399 1788 Theodosium
1433 1722 1706 1809 Imperatorem
1732 1742 1775 1790 se
1800 1722 1991 1807 contulit,
2024 1746 2045 1793 a
2073 1752 2152 1818 quo

397 1835 609 1910 admodum
637 1836 805 1931 benigna
831 1850 1017 1927 receptus,
1045 1849 1085 1903 at
1110 1834 1246 1906 eodem
1270 1856 1403 1905 mettse
1427 1834 1608 1911 Januario
1641 1836 1739 1907 anni
1765 1858 1853 1925 381·
1880 1840 1959 1933 qu‘o
1985 1858 2153 1926 venerat,

396 1970 574 2029 mortuus
602 1949 1038 2046 honorificentissimus
1064 1952 1285 2025 Theodosio
1302 1948 1487 2046 sepultus
1511 1967 1582 2023 est.
1616 1948 1666 2033 cf.
1692 1954 1826 2027 Amm·
1847 1959 1968 2030 Marc.
1995 1962 2154 2045 XXVII,

397 2096 434 2165 q.
466 2078 563 2142 Zos.¹
581 2074 654 2152 1v‚
685 2086 743 2159 54¹.
773 2068 915 2141 chron.
936 2070 1170 2143 Marcellini.

502 2194 696 2260 Hactenus
725 2187 770 2259 da
787 2190 935 2259 horum
959 2187 1135 2261 virorum
1160 2188 1272 2262 rebus
1298 2187 1437 2287 gestis,
1479 2190 1721 2284 Quamquam
1752 2197 1882 2263 autem
1907 2190 2157 2297 singulorum

398 2308 635 2405 populorum
662 2304 863 2380 historiam
891 2327 1061 2379 enarrare
1084 2306 1203 2381 nobis
1230 2307 1392 2398 ntinime
1413 2322 1476 2379 est
1511 2307 1781 2403 propositum,
1809 2316 1949 2382 'tamen
1971 2318 2076 2407 quae'
2095 2312 2155 2408 ipa

398 2450 532 2501 torum
561 2424 872 2524 Theruingorum
897 2447 990 2523 post
1014 2432 1254 2522 Hunnorum
1279 2434 1479 2526 aggressus
1504 2425 1652 2499 facerint
1674 2425 1788 2513 fata,'
1802 2425 1969 2500 breviter·
1994 2430 2157 2528 attinga-

398 2568 486 2617 mus
512 2566 665 2616 necasse
687 2560 756 2619 ost.
810 2544 923 2616 Siad
949 2544 1260 2641 Theruingorum
1286 2562 1325 2616 et
1351 2543 1567 2617 Gothorum
1593 2546 1758 2615 aliorum
1780 2544 2010 2617 Danubium
2035 2554 2156 2621 trum

300 2734 311 2745 ,
399 2660 659 2763 gradientium
686 2661 979 2729 multitudinem
1006 2668 1044 2724 et
1070 2660 1116 2723 ad
1143 2660 1570 2750 fortitudinem,·quam
1597 2676 1731 2745 contra
1757 2662 1954 2736 Romanos
1982 2687 2156 2761 pugnan-

399 2801 467 2864 tes,
483 2778 711 2860 exhibuere,
740 2772 963 2869 respicitur,
990 2772 1059 2844 viai
1084 2769 1255 2867 intelligi
1279 2786 1428 2864 potest,
1462 2774 1663 2868 'quomodo
1699 2773 1848 2849 factum
1873 2780 1944 2864 sit,
1971 2798 2016 2854 ut
2041 2788 2157 2853 Hune

399 2898 462 2973 nis
503 2894 699 2979 cederent,
736 2891 818 2965 nisi
852 2890 953 2963 forte
989 2890 1033 2961 in
1069 2886 1206 2963 iisdem
1242 2887 1337 2961 istis
1355 2888 1510 2963 dissidia
1546 2916 1655 2965 causa
1694 2912 1752 2966 est
1772 2876 2002 2991 quaerenda.
2067 2904 2155 2973 Hoc

398 3032 571 3101 constat,
601 3012 818 3085 Gothorum
842 3008 956 3079 rebus
993 3032 1061 3104 per
1095 3012 1265 3081 Hunnos
1299 3000 1441 3080 eversis
1474 3008 2155 3117 Athanaricum.'cum-·Therringo-.

400 3162 488 3208 rum
515 3149 622 3228 parte
648 3126 988 3218 Transsylva'nia'a,
1024 3150 1121 3223 quae
1155 3148 1262 3199 nunc
1298 3125 1461 3223 dicitur,
1496 3128 1699 3204 monttbus
1725 3132 2000 3221 scammuse.
2039 3137 2156 3211 aliam

399 3269 529 3327 autem
557 3248 803 3318 innumeram
830 3245 1140 3343 Theruingorum
1165 3261 1207 3317 et
1233 3245 1417 3331 aliorum,
1444 3246 1690 3333 utuidetur,
1718 3253 1951 3346 populorum
1980 3255 2155 3325 multitus

403 3370 532 3441 dinem
560 3365 786 3462 Fridigerno
813 3381 851 3437 et
876 3365 1040 3436 Alavivo
1075 3362 1239 3435 ducibus
1273 3362 1316 3435 in
1351 3367 1619 3437 Romanorum
1650 3368 1780 3439 solum
1808 3370 2019 3441 'transiisse
2077 3373 2151 3443 Res

403 3488 449 3561 ab
478 3485 572 3583 ipsis
599 3484 656 3557 ibi
683 3502 808 3581 gestae
835 3506 925 3553 cunt
951 3482 997 3553 ab
1032 3484 1241 3555 Ammiano
1278 3483 1378 3555 libro
1414 3482 1609 3557 tricesimo
1643 3485 1772 3580 ptimo
1809 3484 1935 3560 fusius
1961 3504 2155 3564 enarratae

401 3607 502 3692 tint,
531 3605 605 3677 hoc
631 3620 784 3675 tantum
811 3626 1056 3685 moneamus,
1093 3602 1185 3701 inde
1211 3624 1233 3672 a
1260 3600 1471 3675 Theodosii
1502 3601 1729 3698 imperantis
1762 3604 1881 3682 initio
1916 3608 2157 3708 Tltervingoa

402 3748 491 3798 rum
517 3747 663 3797 nomen
687 3746 772 3807 non
801 3721 966 3819 amplius
989 3718 1123 3793 audiri.
1234 3730 1237 3737 '

1205 3878 1242 3965 §-
1292 3896 1351 3946 ιο.
1465 3929 1467 3932 -

724 4033 737 4075 ⁸
806 4032 810 4045 '
890 4022 967 4102 De
1006 4020 1238 4129 Taifalis
1274 4038 1323 4097 et
1363 4022 1663 4127 Victofolt's.

507 4198 747 4272 Taifalorum
775 4216 928 4298 gentem
957 4170 1007 4271 ad
1031 4196 1246 4269 Gothorum
1273 4220 1417 4301 nomen
1445 4197 1689 4294 pertinuisse,
1716 4224 1909 4297 nusquam
1937 4196 2048 4272 claris
2074 4222 2157 4272 ver·

329 4351 335 4374 t
403 4321 461 4413 bjs
490 4320 653 4417 legitur,
681 4336 848 4425 attamen
875 4315 988 4409 hujus
1014 4317 1069 4387 tei
1097 4316 1169 4387 ulia
1206 4316 1389 4411 quaedam
1429 4314 1570 4391 indicia
1597 4343 1678 4391 non
1706 4320 1837 4393 minus
1866 4337 1966 4393 certa
1992 4336 2156 4404 exstant,
2251 4301 2258 4325 ’

376 4439 532 4537 qualia
561 4436 667 4513 sedes
693 4454 731 4509 et
757 4460 949 4510 armorum
978 4459 1065 4509 cum
1093 4436 1177 4509 aliis
1205 4433 1341 4509 Gothis
1368 4439 1608 4510 consortium
1634 4426 1769 4513 'afferri
1802 4440 1904 4513 licet.
1966 4446 2157 4513 Praeterea
