4800 5567
413 512 462 585 fid
487 520 660 599 “mimir
687 517 765 591 (1¹¹0
791 490 875 587 3P⁸⁶
901 482 1067 581 ⁸⁶¹5P⁸ib
1095 476 1265 578 pertinet
1281 474 1350 571 (0f·
1369 505 1402 555 0·
1430 482 1486 573 5)·
1511 483 1795 562 Posterioribus
1822 504 1953 563 autem
1978 486 2164 589 tempori·

411 614 483 685 bus
510 599 798 699 Westergothos
826 608 864 663 et
891 587 1140 685 Ostergothos
1167 586 1211 657 in
1238 584 1370 657 Suecia
1405 608 1642 682 comparere,
1679 591 1773 669 satis
1801 610 1976 684 constat,
2021 611 2060 665 at
2086 593 2165 690 pri.

412 737 519 799 mus,
547 730 614 803 per
639 724 753 797 quem
778 697 920 768 horum
941 689 1179 786 populorum
1203 687 1366 759 nomina
1393 686 1616 777 innotuere,
1652 691 1821 767 Adamas
1848 711 1907 767 est
1930 685 2163 782 Brem'ensis,

305 824 314 843 ¹
415 816 482 913 qui
509 808 659 883 saeculo
684 800 785 874 vixit
810 792 1030 867 undecimo.
1090 789 1446 861 Demonstrandum
1479 790 1600 889 igitur
1626 812 1742 882 esset,
1778 794 1874 867 haec
1898 797 2062 869 nomina
2085 795 2167 889 iarn

414 914 550 989 multis
578 902 736 981 saeculis
763 918 853 973 ante
886 896 1025 966 usitata
1060 890 1192 963 fuisse.
1256 890 1372 987 Quod
1396 908 1442 962 ut
1475 892 1723 981 concedatur,
1758 913 1888 969 tamen
1915 898 1990 971 hoc
2011 916 2166 972 tantum

413 1016 506 1089 inde
531 999 768 1107 sequeretur,
798 996 933 1072 Gothis
961 1018 1075 1067 usum
1101 992 1221 1095 fuisse
1249 1016 1269 1063 a
1296 1012 1482 1065 terrarum
1508 995 1587 1068 situ
1612 998 1776 1069 nomina
1794 998 2026 1073 assumendi.
2066 1006 2168 1074 Nam

412 1112 511 1193 illud
538 1112 695 1211 quidem
719 1131 801 1178 non
829 1100 941 1179 facile
969 1096 1172 1192 quisquam
1199 1110 1361 1182 statuet,
1401 1096 1518 1169 Gothi
1554 1097 1713 1170 cumin
1740 1098 1833 1171 duas
1858 1119 1984 1195 partes
2011 1100 2167 1176 discreti

293 1230 296 1237 ,
415 1210 714 1295 eScandinavia
739 1202 905 1303 profecti
931 1214 1081 1283 essent,
1121 1214 1322 1295 utramque
1356 1215 1503 1293 partem
1527 1199 1582 1272 ita
1608 1200 1652 1270 in
1678 1200 1910 1299 migratione
1936 1228 2085 1300 semper
2109 1208 2168 1277 lo·

416 1346 504 1396 cum
531 1340 645 1391 suum
670 1308 860 1391 tenuisse,
885 1321 930 1375 ut
956 1302 1061 1374 aedes
1088 1300 1228 1396 quovis
1255 1317 1435 1393 tempore
1445 1301 1697 1397 appellationi
1717 1305 2006 1397 responderent.
2058 1310 2168 1379 Prae·
2386 1355 2387 1358 ,

412 1442 513 1497 terea
541 1413 679 1497 Gothi,
708 1410 743 1483 si
768 1406 1002 1490 Jornandem
1030 1400 1227 1497 sequimur
1253 1398 1331 1491 (cf.
1359 1425 1391 1477 c,
1419 1405 1472 1493 4)
1510 1404 1554 1473 in
1589 1403 1795 1501 migrando
1823 1428 1891 1499 per
1917 1424 2078 1501 pontem
2103 1407 2178 1480 in·‘
2386 1393 2387 1482 l

416 1537 632 1617 terruptum
659 1514 702 1585 in
730 1513 822 1583 duas
850 1506 966 1579 divisi
992 1522 1084 1579 sunt
1109 1520 1257 1598 partes,
1286 1526 1382 1601 quae
1406 1528 1607 1599 nunqnam
1647 1507 1791 1579 iterum
1818 1505 2163 1607 conjungebantur·
2386 1499 2387 1528 r

414 1627 482 1701 Sin
499 1608 656 1703 autem,
684 1630 738 1703 ,ut
772 1610 834 1684 illi
870 1611 1029 1692 volunt,
1065 1593 1260 1702 Visigothi
1297 1605 1507 1701 migrantes
1544 1607 1677 1677 locum
1703 1625 1880 1693 tenuere,
1909 1611 1979 1705 qui
2002 1612 2164 1705 propius

413 1724 607 1824 spectabat
633 1714 899 1798 Occidentem,
926 1732 991 1783 eos
1017 1730 1220 1809 nunquam
1244 1730 1335 1805 cum
1359 1708 1517 1806 reliquis
1536 1707 1673 1783 Gothis
1699 1707 1747 1783 ad
1771 1714 1944 1783 Pontum
1961 1712 2165 1786 Euxinum

326 1910 332 1919 ,
412 1826 632 1926 pervenisse
658 1832 887 1917 sequeretur.

492 2138 555 2205 De
581 2126 766 2201 sententio
792 2144 945 2206 eorum,
983 2116 1047 2215 qui
1080 2114 1399 2215 ostrogothorum
1425 2130 1464 2190 et
1493 2117 1786 2219 wisigothorum
1817 2091 1973 2191 nominc
1997 2130 2087 2190 onte

838 2244 1068 2311 Hunnorum
1094 2234 1299 2307 adventum
1325 2251 1461 2309 caeorto
1487 2262 1562 2310 esse
1587 2251 1742 2310 censent.

514 2399 690 2495 Plerique
717 2392 920 2489 scriptores
947 2406 985 2463 et
1011 2412 1177 2485 quorum
1199 2388 1422 2463 auctoritati
1440 2390 1654 2485 plurimum
1671 2407 1729 2463 est
1742 2384 2001 2473 tribuendum,
2031 2356 2174 2459 Ostro-⁴

410 2506 620 2605 gothorum
648 2518 685 2573 et
710 2494 1002 2593 visigothorum
1028 2494 1189 2564 nomina
1216 2490 1287 2563 illo
1314 2508 1487 2587 tempore
1512 2510 1642 2566 exorta
1669 2516 1750 2565 esse
1776 2506 1956 2576 censent,
1983 2490 2062 2585 qu'o
2090 2492 2166 2559 Go-

412 2608 473 2681 thi
499 2606 671 2699 amplum
698 2599 811 2671 illum
837 2612 955 2666 terrae
982 2610 1169 2678 tractum,
1208 2592 1277 2687 qui
1302 2616 1323 2662 a
1349 2590 1491 2665 finibus
1517 2594 1658 2667 Daciae
1685 2589 1932 2664 Occidentem
1959 2588 2168 2685 spectanti·

411 2708 485 2783 bus
523 2726 644 2799 usque
679 2702 726 2769 ad
762 2704 934 2767 Pontum
973 2694 1172 2759 Euxinum
1211 2708 1251 2757 et
1287 2691 1449 2759 Tanaim
1485 2691 1631 2761 flumen
1664 2690 1924 2787 porrigitur,
1953 2688 2166 2775 incoluere,

411 2810 544 2903 ibique
592 2801 739 2876 Gothos
784 2795 827 2867 in
873 2790 950 2862 du'o
994 2790 1229 2885 populorum
1277 2785 1450 2876 foedera,
1497 2792 1823 2889 ostrogothorum
1858 2806 1897 2861 et
1937 2789 2165 2887 visigotho-

413 2934 502 2983 rum
528 2902 757 2979 nominibus
785 2896 964 2977 discreta,
1018 2888 1162 2961 divisos
1208 2882 1328 2960 fuisse
1351 2890 1607 2987 .opinantur;
1650 2910 1841 2986 praeterea
1878 2909 2062 2989 tanquam
2095 2914 2167 2987 po·

412 3008 655 3087 tentissimus
683 2994 1007 3095 ostrogothorum
1046 2993 1214 3085 populus
1246 2992 1486 3091 Greuthungi
1520 3010 1559 3065 et
1591 2992 1693 3065 inter
1727 2990 1948 3089 visigothos
1983 2990 2054 3087 qui
2086 2990 2167 3084 pri·

412 3136 522 3189 mum
547 3104 745 3182 tenuerint
770 3102 919 3179 locum,
957 3092 1168 3189 Theruingi
1194 3091 1437 3166 denotantur.
1489 3095 1550 3168 Ad
1584 3120 1700 3193 quam
1734 3093 1964 3167 sententiam
1999 3090 2165 3187 proban-

415 3218 503 3289 dam
530 3204 765 3306 argumentis
792 3197 852 3273 uti
879 3196 1028 3279 solent,
1057 3218 1152 3289 quae
1178 3195 1288 3265 vela
1315 3198 1547 3292 scriptorum
1574 3198 1825 3291 antiquorum
1844 3192 2082 3267 testimoniis
2102 3194 2166 3265 vel

414 3312 707 3410 asingulorum
742 3296 975 3397 populorum
1010 3294 1163 3369 sedibus
1191 3313 1230 3369 et
1266 3296 1377 3372 rebus
1416 3300 1533 3397 gestis
1559 3315 1796 3394 repetuntur.
1847 3296 2077 3391 Plerumque
2103 3318 2168 3367 au·

414 3436 513 3499 tam,
541 3412 609 3509 qui
636 3411 681 3481 de
708 3406 820 3479 rebus
848 3400 1059 3473 Gothorum
1076 3400 1269 3493 scripsere,
1297 3400 1543 3487 jornandem,
1571 3404 1716 3496 quippe
1743 3396 1812 3493 qui
1838 3396 1988 3495 origine
2015 3395 2163 3468 Gothus

414 3516 541 3617 gentis
579 3536 666 3585 suae
701 3531 760 3579 res
796 3519 918 3601 gestas
945 3500 1111 3597 suscepit
1145 3500 1385 3587 scribendas,
1430 3500 1584 3597 sequuti
1618 3516 1721 3572 sunt.
1799 3503 1932 3593 Itaque
1966 3494 2012 3569 de
2047 3494 2164 3588 hujus
2260 3556 2265 3577 ,

409 3616 614 3711 scriptoris
641 3606 867 3683 testimonio
895 3603 1106 3675 accuratius
1134 3620 1171 3673 et
1208 3602 1361 3677 uberius
1389 3602 1650 3675 disserendum
1677 3616 1746 3673 est.
1807 3605 1958 3673 Praeter
1982 3600 2088 3673 hunc
2115 3598 2166 3671 ad

301 3758 308 3777 x
389 3738 390 3743 ’
413 3716 604 3795 Pollionis
632 3723 805 3815 quoque,
835 3704 1057 3794 Claudiani,
1084 3702 1240 3779 Ablavii
1265 3704 1487 3778 testimonia
1520 3702 1771 3801 respiciamus
1803 3724 1958 3777 necesse
1983 3719 2051 3777 est.

1234 3878 1270 3967 s.
1309 3878 1345 3947 o.

568 4044 633 4113 De
646 4031 750 4139 fide,
773 4055 870 4133 quae
887 4028 1074 4106 Jornandi
1109 4052 1236 4101 rerum
1266 4023 1514 4101 Gothicamm
1538 4028 1798 4127 scriptorisit
1826 4020 2011 4097 habenda.

516 4216 537 4292 J
541 4207 704 4283 ornandi
731 4207 955 4301 plerumque
979 4198 1148 4271 multum
1175 4198 1413 4271 auctoritatis
1434 4197 1555 4272 tribui
1573 4198 1673 4273 solet
1696 4214 1736 4269 et
1760 4216 1887 4269 revera
1911 4180 2021 4280 liber,
2049 4214 2165 4289 quem

416 4320 462 4389 de
479 4312 599 4417 ¹rebus
628 4308 781 4384 Geticis'
797 4302 951 4397 scripsit
976 4302 1116 4372 multas
1143 4322 1201 4371 res
1230 4302 1427 4387 continet,
1455 4326 1618 4398 quarum
1644 4296 1828 4371 memoria
1856 4296 1939 4369 sine
1965 4295 2039 4369 hoc
2062 4296 2164 4368 libro

414 4416 641 4489 interiisset..
688 4414 868 4483 Attamen
893 4428 976 4477 non
1005 4401 1087 4477 sine
1113 4402 1281 4474 maxima
1311 4428 1400 4475 cura
1428 4421 1466 4475 et
1492 4403 1682 4475 continuo
1709 4399 1863 4490 judicio
1883 4398 2067 4497 legendus
2094 4412 2167 4474 est.

414 4520 490 4594 Vix
517 4516 623 4594 enim
651 4514 729 4587 dici
753 4525 893 4609 potest,
922 4518 1082 4603 quot'et
1109 4504 1246 4601 quanti
1271 4528 1415 4580 errores
1441 4504 1640 4580 temerario
1662 4500 1780 4595 hujus
1805 4501 1898 4575 libri
1923 4525 1998 4576 usu
2023 4500 2066 4573 in
2086 4501 2166 4595 ple·
2196 4554 2199 4562 .
