4800 5567
1074 104 1437 189 ..u-18...

379 314 675 435 Helmanariw’
703 313 943 413 ⁶⁰5¹¹¹¹s¹l³gl
977 314 1249 410 P⁰l⁶1¹ll⁸³lm⁰
1284 322 1324 387 ‘lt
1359 315 1597 406 durissimo,
1635 315 1864 395 innumerae
1903 340 2038 423 gentes
2072 330 2137 402 vel

379 439 477 511 mari
505 436 731 525 Germanico
759 434 969 525 adjacentes
996 452 1103 505 erant
1128 432 1330 523 subjectae.
1356 441 1463 516 Jern.
1495 458 1555 524 eg.
1601 438 1833 536 Ammianus
1861 466 2017 539 quoque
2042 450 2136 520 Her.

379 557 565 631 mainarici
590 557 665 627 late
691 571 863 649 patentes
898 572 935 625 et
962 552 1092 625 uberes
1129 578 1249 651 pagos
1285 574 1562 650 commem-orat
1599 564 1762 647 (XXXI,
1803 563 1858 650 3),
1912 560 2039 653 Hujus
2066 590 2135 661 pq,

379 678 464 773 puli
486 674 567 767 iam
594 675 808 761 Trebellius
844 672 968 747 Pollio
1006 671 1164 767 Claudio
1201 692 1387 772 regnante
1425 674 1519 748 facit
1555 678 1793 751 mentionem
1823 676 1891 769 (cf.
1921 682 2051 757 Claud.
2080 687 2137 776 6),

259 880 266 893 .
380 820 472 869 nam
500 793 792 895 Trutungorum
820 791 892 864 sub
919 794 1081 864 nomine
1109 794 1356 891 Gruthungos
1383 818 1465 867 esse
1497 796 1774 896 intelligendos
1809 798 1852 869 in
1879 800 2044 888 dubium
2069 828 2138 877 vo-

380 911 461 991 eari
482 937 567 1021 non
595 931 732 1009 potest.
786 912 990 1009 Quomodo
1018 930 1145 983 autem
1171 914 1362 999 evenerit,
1390 915 1433 985 ut
1460 917 1780 1015 Gruthungorum
1805 942 1889 1004 res,
1918 943 2015 1014 quae
2041 929 2136 998 Her·

379 1035 575 1107 manarico
604 1058 690 1131 rege
717 1033 883 1104 maxime
908 1030 1077 1125 floruere
1096 1030 1240 1122 (Arum.
1258 1036 1389 1117 Marc.
1416 1040 1546 1119 XXX,
1592 1036 1653 1125 3),
1682 1042 1919 1110 Hunnorum
1956 1061 2136 1137 aggressu

327 1178 329 1186 ·
381 1170 461 1225 tam
489 1138 565 1223 cito
593 1168 862 1237 auerterenttrr,
889 1148 972 1240 jure
999 1150 1129 1219 mirari
1156 1174 1374 1243 possumus.
1430 1151 1547 1241 Cujus
1574 1156 1630 1225 rei
1656 1179 1766 1227 causa
1801 1142 1903 1241 haud
1938 1157 2135 1231 levissima

381 1272 474 1343 inde
500 1271 651 1342 virletur
678 1265 890 1363 quaerentia
918 1294 1020 1353 esse,
1050 1266 1153 1363 quod
1179 1267 1315 1363 populi
1354 1270 1594 1368 Gruthungis
1630 1272 1794 1362 subjecti
1828 1275 1947 1347 inviti
1982 1292 2135 1347 tantum

382 1391 442 1462 his
483 1389 711 1483 obsequium
750 1406 986 1483 praestarent
1012 1404 1051 1485 et
1076 1388 1278 1459 occasione
1304 1386 1538 1459 desciscendi
1564 1389 1650 1461 data
1677 1397 1914 1464 Hunnorum
1941 1418 2043 1465 arma
2070 1418 2135 1464 au·

381 1525 526 1609 gerent
580 1513 713 1603 Itaque
750 1524 840 1603 post
879 1506 1139 1578 Hermanarici
1175 1504 1325 1598 obitum
1361 1506 1576 1581 Vithimiris
1612 1496 1933 1606 Gruthungorum
1968 1538 2037 1585 rex
2070 1512 2136 1584 ali·

266 1636 271 1643 '
383 1643 573 1724 quantum
600 1626 759 1698 Hunnis
787 1624 938 1697 fortiter
964 1624 1129 1709 restitit3
1171 1642 1210 1695 at
1237 1624 1404 1697 hostium
1432 1626 1473 1696 vi
1508 1642 1546 1697 et
1579 1626 1831 1697 multitudine
1865 1646 2067 1721 superatus
2092 1630 2136 1731 in

381 1746 532 1841 proelio
570 1744 761 1817 occubuit.
817 1743 964 1839 Quibus
999 1740 1110 1815 factis
1137 1743 1327 1827 Alatheus
1367 1762 1404 1815 et
1441 1744 1630 1838 Saphrax,
1667 1738 1986 1843 Gruthungorum
2023 1746 2138 1820 duces

383 1864 593 1939 fortissimi
625 1881 662 1933 et
695 1859 921 1956 peritissimi
947 1858 1139 1959 iidemque
1166 1862 1371 1943 Viterichi,
1407 1862 1626 1936 Vithimiris
1653 1862 1747 1950 filii,
1781 1878 1950 1945 tutores,
1980 1860 2169 1933 cedendi.
2237 1875 2241 1883 “

386 1982 595 2055 eonsilium
631 1977 760 2077 ceper'e
799 1997 837 2049 et
875 1981 1104 2079 Theruingis
1148 1977 1227 2073 jam
1264 1979 1307 2052 in
1346 1980 1610 2054 Romanorum
1649 1998 1747 2051 terra
1782 1978 2025 2053 versantibus
2057 1978 2138 2073 ipsi

384 2095 527 2172 Istrum
554 2096 742 2189 trajecere.
796 2104 898 2171 Haec
927 2100 1244 2195 Gruthungorum
1270 2122 1377 2195 pars,
1408 2124 1504 2196 quae
1531 2095 1705 2196 equitatu
1739 2122 1828 2193 prae
1864 2097 1998 2169 ceteris
2033 2098 2139 2169 vide·

385 2236 449 2291 tur
474 2218 639 2309 valuisse
666 2212 734 2307 (cf.
761 2216 886 2289 Amm.
927 2222 1048 2289 Marc.
1084 2218 1232 2305 XXXI,
1276 2218 1341 2309 13)
1370 2242 1458 2289 eum
1485 2214 1716 2315 Theruingis
1744 2213 1950 2306 conjuncta
1986 2200 2140 2315 pugnae

387 2334 434 2409 ad
446 2335 752 2431 Hadrianopolin
777 2334 898 2408 factae
924 2334 1112 2407 interfuit.
1142 2336 1226 2436 Qua
1253 2360 1487 2434 pugnarum
1512 2335 1680 2407 Romani
1705 2334 1792 2429 ipso
1818 2335 1979 2405 Valente
1996 2334 2090 2405 duce
2118 2357 2139 2404 a

388 2455 524 2527 Gothis
552 2454 665 2527 deleti
692 2475 830 2539 essent,
860 2454 1079 2553 Gruthungi
1106 2480 1181 2525 una
1210 2480 1296 2525 cum
1324 2455 1561 2553 Frirligerno,
1589 2452 1902 2550 Theruingorum
1929 2448 2036 2538 duce,
2062 2452 2169 2528 Ro·-

286 2616 290 2629 ·
385 2562 593 2647 ιιιιιιιοιιιιιι
618 2590 733 2649 terras
760 2574 871 2645 nullo
899 2570 1127 2662 prohibente
1153 2570 1495 2659 depopruabanrur.
1522 2572 1574 2646 At
1599 2595 1681 2642 non
1708 2569 1830 2664 longo
1843 2586 2015 2663 tempore
2035 2587 2136 2664 post,

387 2714 501 2788 quam
529 2714 549 2761 e
576 2687 684 2761 terris
718 2686 848 2757 Italiae
883 2678 1061 2753 finitimis
1097 2678 1239 2753 reversi
1273 2682 1314 2754 in
1356 2683 1596 2753 Graeciam
1585 2708 1727 2779 irruere
1763 2704 1995 2755 conarentur
2030 2683 2136 2781 (Zos.

385 2812 450 2891 IV,
482 2806 558 2898 34),
585 2800 770 2889 memoria
799 2826 931 2873 eorum
959 2798 1119 2870 interiit.
1147 2804 1251 2895 Quae
1277 2817 1403 2871 autem
1422 2773 1751 2898 Gruthungorum,
1781 2802 1848 2897 qui
1874 2820 1978 2882 trans
1997 2807 2139 2874 Istrum

387 2925 658 3010 remanserant,
687 2920 804 2995 fuerit
830 2944 923 3003 sors,
952 2918 1053 2990 haud
1073 2936 1239 2990 constat.
1277 2906 1329 2989 At
1355 2915 1541 2991 decennio
1569 2917 1647 2990 fere
1663 2936 1773 3016 po,st
1801 2944 1915 3017 quarn
1943 2923 2138 2993 Gruthun-

362 3070 527 3147 gorum
554 3066 651 3139 pars,
681 3038 843 3115 Alotheo
873 3054 911 3111 et
938 3038 1120 3133 Saphrace
1147 3033 1376 3124 ducibus,
1364 3062 1408 3110 ιιι
1444 3040 1709 3110 Romanorum
1747 3054 1862 3116 terras
1898 3038 2137 3127 transierant,

385 3182 490 3237 tanta
519 3162 835 3257 Gruthungorum
865 3158 1073 3228 multituclo
1101 3162 1242 3227 Istrum
1269 3131 1490 3245 trajectura
1504 3154 1758 3250 comparuit,
1781 3174 1824 3249 ut
1850 3174 1973 3228 totam
2001 3182 2133 3229 eorum

388 3300 543 3381 gentem
560 3276 664 3352 sedes
691 3301 776 3351 suas
804 3276 1000 3377 reliquisse
1028 3274 1235 3347 verisimile
1262 3276 1323 3347 sit.
1351 3266 1531 3347 Zosimus
1558 3272 1662 3346 enim
1691 3274 1901 3364 tradit(1V,
1918 3276 1984 3365 33)
2013 3274 2136 3345 Theo·

389 3400 500 3473 dosio
521 3398 732 3493 imperante
760 3413 797 3467 et
824 3394 1000 3466 Honorio
1029 3396 1197 3489 primum
1225 3397 1392 3468 Consule
1421 3398 1470 3481 (a.
1500 3396 1592 3482 336)
1619 3392 1818 3464 nationem
1842 3393 2134 3490 quendamScy·
2242 3424 2248 3431 ·

386 3520 540 3602 thirem,
570 3515 790 3589 omnibus'
779 3531 966 3613 ignotam,
994 3530 1107 3609 quan'r
1135 3511 1286 3583 barbari
1307 3512 1539 3609 Prothingos
1566 3512 1827 3607 appellarent,
1840 3510 1887 3583 ad
1914 3511 2135 3583 ulteriorem

387 3638 477 3712 Istri
504 3638 626 3750 ripam
651 3634 824 3717 venisse,
853 3656 1004 3727 eosque,
1032 3656 1120 3703 cum
1147 3630 1400 3710 multitudine
1427 3627 1663 3701 abundarent
1690 3646 1727 3700 et
1753 3630 1868 3701 armis
1894 3628 2163 3700 neccessariis·

387 3757 569 3831 instructi
583 3768 709 3827 essent
736 3774 898 3847 cunique
926 3774 1133 3844 corporum
1155 3748 1292 3821 robore
1311 3748 1549 3836 excellerent,
1582 3745 1870 3836 interjectorum
1889 3747 2137 3819 barbarorum

310 3920 316 3925 -
387 3895 504 3950 terras
530 3874 642 3973 nullo
668 3872 828 3969 negotio
856 3892 1081 3967 peragrasse.
1138 3868 1216 3965 Qui
1243 3866 1446 3965 Prothingi
1471 3872 1611 3937 Istrum
1636 3862 1824 3938 Romanis
1858 3866 2137 3938 obsistentibus
2174 3866 2181 3878 '

318 4054 331 4086 ὲ
386 4014 508 4071 noctu
533 3990 703 4083 trajicere
731 3990 860 4063 conati
884 4006 924 4061 et
949 3988 995 4059 ab
1022 3988 1081 4061 his
1110 3986 1365 4063 circumventi
1401 3986 1541 4082 partim
1581 3984 1767 4059 submersi
1802 4002 1895 4056 sunt
1935 4000 1973 4053 et
2007 3981 2136 4064 occisi,

384 4116 525 4213 partim
552 4114 595 4185 in
623 4108 881 4209 captivitatem
909 4106 1064 4179 redacti
1120 4105 1274 4209 Quum
1300 4123 1470 4254 regesta
1497 4105 1619 4179 multa
1656 4120 1873 4177 memoratu
1907 4099 2136 4199 dignissima

365 4249 606 4313 Noccurrnnt

490 4348 666 4449 mhpud
692 4348 893 4453 zosimum
919 4344 1018 4437 huie⁴
1036 4344 1182 4444 populo
1209 4342 1511 4443 Prothingorum
1546 4360 1603 4435 est
1628 4364 1773 4417 nomen
1801 4358 1840 4415 et
1865 4362 1952 4414 euna
1991 4332 2043 4411 ad
2064 4360 2136 4411 no·
