4800 5567
963 226 1339 322 -1a-'

255 468 347 532 meh
376 450 535 553 aliquod
560 444 838 525 removendum
863 445 964 521 haud
993 443 1165 531 sufficiat,
1195 438 1299 543 quod
1326 444 1506 543 ignotum
1533 444 1605 529 sit,
1642 438 2018 547 sintne'Grothirngi

258 558 520 673 intelligendi,
547 570 629 665 jure
656 568 828 643 dubitare
858 588 1067 663 possemus.
1121 568 1301 640 Attamen
1329 566 1495 637 aliorum
1522 565 1754 660 scriptorum
1782 569 1892 640 certis
1909 571 2017 641 testi·

257 696 404 769 moniis
432 690 626 783 ejusmodi
653 687 845 762 dubitatio
873 684 1035 759 tollitur.
1090 686 1322 757 Claudianus
1350 686 1455 757 enim
1482 685 1525 755 in
1551 702 1686 779 quarto
1730 688 1899 759 Honorii
1926 714 2018 760 con·

256 816 387 890 sulatu
424 809 650 884 celebrando
686 811 741 899 (r.
781 804 874 899 623)
934 805 1113 878 Honorio
1160 805 1329 900 primum
1364 804 1523 877 consule
1566 804 1616 897 (a
1659 807 1765 895 336.)
1818 806 2058 903 ingentem

121 944 126 951 '
238 932 577 1028 «Gruthungorum
603 925 896 999 multitudinem
925 925 1018 996 duce
1046 921 1220 997 Odotheo
1246 926 1387 995 Istrum
1423 922 1594 1012 trajicere
1629 941 1806 997 conatam
1841 948 1922 997 esse
1957 951 2016 999 ca·

254 1052 317 1125 nrt
328 1046 384 1142 ⁷)
412 1066 605 1144 praeterea
631 1032 816 1118 Idatius
805 1068 846 1115 tn
877 1042 1070 1115 Chronico
1097 1043 1263 1137 septimo
1290 1042 1502 1114 Theodosii
1542 1042 1739 1140 regnantis
1778 1066 1882 1115 anno
1919 1048 2018 1117 Gru·

256 1170 426 1269 thuhgos
454 1184 654 1262 superatos
682 1188 763 1235 esse
789 1162 996 1234 memoriae
1023 1160 1149 1234 tradit.

358 1312 394 1360 a.
424 1286 607 1358 Zosimus
634 1283 738 1353 hunc
764 1280 953 1377 populum
982 1281 1073 1352 Istri
1101 1280 1241 1353 accolis
1268 1279 1450 1378 ignotum
1477 1277 1596 1351 fuisse
1622 1279 1736 1360 dicit;
1765 1297 1933 1351 attamen
1956 1280 2014 1353 in·

167 1472 169 1477 ,
254 1404 539 1481 ter'liomanos
566 1417 684 1485 erant,
715 1401 782 1497 qui
809 1401 1128 1497 Gruthungorum
1163 1402 1350 1472 sermonis
1386 1400 1494 1496 gnari
1528 1415 1673 1483 essent,
1709 1422 1799 1470 cum
1832 1397 1935 1469 idem
1970 1424 2013 1478 ao

255 1526 493 1620 reliquorum
530 1523 745 1594 Gothorum
779 1533 877 1591 esset
920 1542 1056 1589 sermo.
1111 1524 1193 1588 Hos
1230 1536 1357 1588 autem
1400 1517 1648 1616 Gruthungos
1682 1538 1764 1588 non
1801 1515 2012 1610 praedandi

257 1664 366 1716 causa
395 1664 481 1714 suas
508 1634 617 1713 sedes
641 1636 865 1732 reliquisse,
893 1635 984 1707 inde
1011 1625 1286 1733 cognoscitur,'
1313 1638 1416 1732 quod
1451 1638 1649 1721 mulieres,
1684 1657 1823 1729 pueros
1858 1636 2010 1731 aliaque

254 1758 529 1857 impedimenta
557 1780 686 1831 secum
713 1757 864 1827 duxere.
917 1753 1100 1827 Zosimus
1127 1752 1232 1825 enim
1259 1762 1321 1846 τῆς
1354 1759 1535 1850 ἀχρήστου
1563 1756 1698 1847 ἡλικίας
1724 1751 1818 1823 facit
1844 1755 2010 1824 mentio·

253 1900 345 1950 nem
379 1901 590 1975 eorumque
624 1871 870 1949 mulierculas
904 1888 943 1945 et
990 1897 1128 1969 pueros
1175 1896 1195 1945 a
1242 1874 1433 1945 militibus
1475 1874 1662 1946 Romanis
1708 1872 1894 1945 abductos
1928 1888 2009 1945 esse
2057 1922 2067 1934 .

253 1995 380 2069 tradit

360 2136 396 2203 3.
423 2119 616 2211 Magnum
644 2132 776 2181 eorum
812 2106 933 2180 fuisso
966 2100 1194 2195 numerum,
1230 2110 1321 2182 inde
1355 2111 1487 2209 colligi
1520 2110 1634 2196 licet,
1670 2109 1794 2204 quod,
1833 2110 2041 2205 quamvis·

255 2232 372 2305 multi
397 2232 439 2301 in
466 2230 554 2325 ipso
582 2226 741 2299 flumine
767 2228 1002 2301 transeundo
1037 2228 1296 2315 interiissent,
1333 2244 1461 2302 tamen
1487 2229 1591 2301 haud
1622 2231 1786 2326 exiguus
1821 2252 2007 2300 numerus

256 2374 277 2421 a
304 2350 489 2421 Romanis
517 2363 725 2444 caperetur.
764 2344 1003 2418 Theodosius
1032 2363 1177 2430 autem,
1207 2349 1275 2441 qui
1300 2350 1383 2442 ipse
1409 2350 1466 2419 rei
1492 2346 1678 2445 gerendae
1703 2370 1787 2418 non
1814 2346 2006 2431 interfuit,

255 2466 497 2562 triumphum
522 2469 592 2539 hac
618 2464 664 2537 de
689 2465 849 2537 victoria
876 2488 952 2535 una
981 2488 1068 2535 cum
1094 2463 1257 2537 Arcadio
1284 2464 1366 2538 filio
1401 2468 1491 2564 egit,
1520 2469 1587 2563 qui
1613 2467 1657 2536 in
1683 2464 1799 2557 hujus
1824 2466 2010 2537 victoriae

255 2586 480 2659 memoriam
509 2585 728 2655 columnam
756 2582 972 2677 erigendam
1002 2584 1158 2679 curapit.
1186 2584 1303 2659 Idatii
1329 2574 1367 2657 et
1391 2585 1613 2657 Marcellini
1630 2585 1774 2658 chron.
1802 2582 1849 2654 ad
1870 2608 1902 2655 a.
1920 2588 2006 2670 386.

256 2702 411 2777 Cedrell.
436 2716 532 2772 tom.
559 2702 589 2768 Ῑ.
616 2722 654 2791 p.
685 2716 770 2781 522·
799 2698 890 2763 odit.
918 2706 1049 2763 Vener.

281 2814 283 2822 '
357 2812 610 2899 Theodosius,
638 2828 681 2883 ut
708 2810 880 2905 captivos
907 2808 1147 2879 humanitate
1173 2808 1249 2879 sibi
1275 2792 1484 2882 benevolos
1500 2825 1548 2882 'et
1574 2809 1671 2883 fidos
1697 2809 1891 2897 redderet,
1919 2813 2007 2886 vin·

255 2930 352 3013 culis
380 2956 445 3008 eos
470 2932 573 3005 solvi
599 2928 724 3023 jussit,
753 2929 994 3024 maximaque
1029 2950 1076 2999 ex
1112 2944 1218 3025 parte
1254 2927 1297 2997 in
1334 2930 1600 2999 Romanorum
1634 2952 1816 3002 numeros
1851 2934 2005 3027 recepit.

255 3055 335 3127 Alii
361 3076 494 3124 eorum
521 3053 564 3123 in
591 3042 721 3118 Asiam
748 3046 912 3116 traducti
937 3045 1140 3134 Bithyniae
1175 3062 1213 3117 et
1249 3047 1434 3145 Phrygiae
1469 3072 1580 3183 agros
1617 3071 1799 3176 accepere
1824 3050 2007 3123 colendos

258 3166 448 3257 (Claud.
438 3190 479 3233 ιιι
506 3170 667 3255 Eutrop.
695 3162 745 3245 11,
772 3186 811 3255 p.
843 3164 937 3250 153)
963 3153 1156 3259 iidemque
1182 3156 1311 3251 fuere,
1338 3166 1404 3260 qui
1433 3167 1545 3239 annis
1573 3158 1726 3261 aliquot
1755 3184 1859 3262 post
1879 3168 2005 3240 Tribi·

257 3285 364 3387 gildo
392 3284 486 3355 duce
512 3278 643 3351 Asiam
669 3278 862 3350 minorem
887 3278 1068 3353 maximis
1102 3274 1257 3353 affecere
1283 3284 1486 3357 cladibus.
1519 3286 1838 3385 Gruthungorum
1863 3310 2007 3359 nomen

257 3394 417 3501 posthac
433 3420 634 3497 nusquam
660 3398 827 3471 auditur.

1077 3592 1189 3683 Μ·

831 3758 920 3829 De
975 3754 1438 3857 Theruingis.

1286 3671 1292 3703 l

359 3934 598 4027 Quamquam
622 3920 685 3999 hic
710 3924 880 4023 populus
907 3926 1092 4007 Romanis
1117 3926 1273 4020 vicinus
1299 3946 1337 4001 et
1362 3952 1431 4027 per
1455 3928 1595 4004 multas
1634 3954 1692 4004 res
1727 3947 1851 4031 gestas
1885 3925 2015 4005 notis?

257 4068 463 4091 m

340 4200 377 4277 7l
400 4196 637 4265 InClaudiani
670 4198 871 4263 editionibus
900 4188 999 4286 longe
1021 4202 1091 4284 plu·
1178 4202 1244 4277 cit,
1275 4224 1343 4265 uno
1376 4218 1483 4264 autem
1507 4224 1668 4267 consensu
1692 4202 1809 4266 editam
1832 4205 2008 4265 lectionem
2045 4236 2067 4285 q

192 4292 199 4301 ¹
258 4306 349 4367 rimis
383 4302 633 4365 Gothunnorum
664 4323 781 4364 nomen
813 4302 944 4386 legitur.
988 4302 1093 4363 Hein-
1177 4326 1235 4367 eos
1257 4327 1325 4367 non
1357 4324 1545 4391 agnoscere.
1590 4304 1729 4370 Codices
1761 4308 1904 4389 optimos
1927 4305 2008 4365 Gru·

162 4410 180 4427 '¹
231 4490 233 4495 Α
259 4408 327 4467 rius
351 4420 455 4466 autem
476 4403 514 4463 ad
530 4402 737 4465 hunclocum
750 4400 974 4486 explicandum
991 4404 1091 4467 libros
1176 4404 1386 4481 thonnorum,
1410 4407 1665 4494 Grutongorum,
1686 4408 1928 4493 Grotungorum
1952 4428 2009 4466 no·

260 4508 398 4592 scriptos
421 4506 499 4567 mire
522 4503 652 4589 quidem
684 4494 826 4567 interae
849 4504 1021 4569 dissentire
1044 4506 1091 4569 di·
1147 4526 1250 4570 ‘meu
1273 4506 1439 4571 exhibere.

1454 4616 1601 4685 'Co
