<?xml version="1.0" encoding="UTF-8"?>
<!DOCTYPE html PUBLIC "-//W3C//DTD XHTML 1.0 Transitional//EN"
    "http://www.w3.org/TR/xhtml1/DTD/xhtml1-transitional.dtd">
<html xmlns="http://www.w3.org/1999/xhtml" xml:lang="en" lang="en">
 <head>
  <title>
</title>
<meta http-equiv="Content-Type" content="text/html;charset=utf-8" />
  <meta name='ocr-system' content='tesseract 3.04.00' />
  <meta name='ocr-capabilities' content='ocr_page ocr_carea ocr_par ocr_line ocrx_word'/>
</head>
<body>
  <div class='ocr_page' id='page_1' title='image "./deostrogothorum00eisegoog_0048.png"; bbox 0 0 4800 5567; ppageno 0'>
   <div class='ocr_carea' id='block_1_1' title="bbox 932 160 1420 300">
    <p class='ocr_par' dir='ltr' id='par_1_1' title="bbox 932 160 1420 300">
     <span class='ocr_line' id='line_1_1' title="bbox 932 160 1420 300; baseline 0 -47"><span class='ocrx_word' id='word_1_1' title='bbox 932 160 1420 300; x_wconf 43' lang='grc' dir='ltr'>...ω’</span> 
     </span>
    </p>
   </div>
   <div class='ocr_carea' id='block_1_2' title="bbox 966 474 1523 809">
    <p class='ocr_par' dir='ltr' id='par_1_2' title="bbox 966 474 1523 809">
     <span class='ocr_line' id='line_1_2' title="bbox 1026 474 1413 619; baseline -0.005 -13"><span class='ocrx_word' id='word_1_2' title='bbox 1026 599 1030 606; x_wconf 87' lang='grc'><strong>.</strong></span> <span class='ocrx_word' id='word_1_3' title='bbox 1146 474 1308 619; x_wconf 48' lang='lat' dir='ltr'>‘aaa</span> <span class='ocrx_word' id='word_1_4' title='bbox 1409 594 1413 604; x_wconf 93' lang='lat'>.</span> 
     </span>
     <span class='ocr_line' id='line_1_3' title="bbox 966 692 1523 809; baseline 0.004 -40"><span class='ocrx_word' id='word_1_5' title='bbox 966 692 1523 809; x_wconf 22' lang='lat' dir='ltr'>Daulistrogothis.</span> 
     </span>
    </p>
   </div>
   <div class='ocr_carea' id='block_1_3' title="bbox 369 862 2235 1793">
    <p class='ocr_par' dir='ltr' id='par_1_3' title="bbox 369 862 2235 1793">
     <span class='ocr_line' id='line_1_4' title="bbox 473 862 2122 969; baseline 0.002 -25"><span class='ocrx_word' id='word_1_6' title='bbox 473 867 795 969; x_wconf 83' lang='lat' dir='ltr'>ostrogothorum</span> <span class='ocrx_word' id='word_1_7' title='bbox 821 864 982 939; x_wconf 90' lang='lat' dir='ltr'>nomine</span> <span class='ocrx_word' id='word_1_8' title='bbox 1009 886 1142 939; x_wconf 88' lang='lat' dir='ltr'>omnes</span> <span class='ocrx_word' id='word_1_9' title='bbox 1169 862 1505 961; x_wconf 81' lang='lat' dir='ltr'>designabantur,</span> <span class='ocrx_word' id='word_1_10' title='bbox 1527 869 1597 964; x_wconf 90' lang='lat' dir='ltr'>qui</span> <span class='ocrx_word' id='word_1_11' title='bbox 1630 870 1847 944; x_wconf 79' lang='lat' dir='ltr'>Gothorum</span> <span class='ocrx_word' id='word_1_12' title='bbox 1872 872 1917 947; x_wconf 91' lang='lat' dir='ltr'>in</span> <span class='ocrx_word' id='word_1_13' title='bbox 1943 873 2122 947; x_wconf 77' lang='lat' dir='ltr'>orientali</span> 
     </span>
     <span class='ocr_line' id='line_1_5' title="bbox 369 966 2120 1073; baseline -0.001 -23"><span class='ocrx_word' id='word_1_14' title='bbox 369 973 523 1073; x_wconf 88' lang='lat' dir='ltr'>imperii</span> <span class='ocrx_word' id='word_1_15' title='bbox 549 974 716 1045; x_wconf 84' lang='lat' dir='ltr'>Romani</span> <span class='ocrx_word' id='word_1_16' title='bbox 742 986 847 1065; x_wconf 90' lang='lat' dir='ltr'>parte</span> <span class='ocrx_word' id='word_1_17' title='bbox 874 966 1118 1053; x_wconf 84' lang='lat' dir='ltr'>habitabant,</span> <span class='ocrx_word' id='word_1_18' title='bbox 1155 966 1261 1064; x_wconf 86' lang='lat' dir='ltr'>quod</span> <span class='ocrx_word' id='word_1_19' title='bbox 1298 969 1455 1063; x_wconf 87' lang='lat' dir='ltr'>quidem</span> <span class='ocrx_word' id='word_1_20' title='bbox 1488 994 1636 1043; x_wconf 86' lang='lat' dir='ltr'>nomen</span> <span class='ocrx_word' id='word_1_21' title='bbox 1672 974 1719 1045; x_wconf 89' lang='lat' dir='ltr'>ab</span> <span class='ocrx_word' id='word_1_22' title='bbox 1745 998 1799 1047; x_wconf 87' lang='lat' dir='ltr'>eo</span> <span class='ocrx_word' id='word_1_23' title='bbox 1818 974 1918 1047; x_wconf 87' lang='lat' dir='ltr'>inde·</span> <span class='ocrx_word' id='word_1_24' title='bbox 1936 993 2120 1073; x_wconf 87' lang='lat' dir='ltr'>tempore,</span> 
     </span>
     <span class='ocr_line' id='line_1_6' title="bbox 371 1070 2123 1175; baseline -0.001 -23"><span class='ocrx_word' id='word_1_25' title='bbox 371 1104 449 1174; x_wconf 88' lang='lat' dir='ltr'>quo</span> <span class='ocrx_word' id='word_1_26' title='bbox 476 1072 671 1175; x_wconf 80' lang='lat' dir='ltr'>visigothi</span> <span class='ocrx_word' id='word_1_27' title='bbox 709 1072 871 1143; x_wconf 82' lang='lat' dir='ltr'>Galliam</span> <span class='ocrx_word' id='word_1_28' title='bbox 907 1086 947 1141; x_wconf 89' lang='lat' dir='ltr'>et</span> <span class='ocrx_word' id='word_1_29' title='bbox 979 1070 1207 1165; x_wconf 76' lang='lat' dir='ltr'>Hispaniam</span> <span class='ocrx_word' id='word_1_30' title='bbox 1241 1086 1435 1159; x_wconf 78' lang='lat' dir='ltr'>tenuere,</span> <span class='ocrx_word' id='word_1_31' title='bbox 1460 1074 1610 1167; x_wconf 84' lang='lat' dir='ltr'>saepius</span> <span class='ocrx_word' id='word_1_32' title='bbox 1637 1075 1763 1147; x_wconf 86' lang='lat' dir='ltr'>audiri</span> <span class='ocrx_word' id='word_1_33' title='bbox 1788 1078 1927 1173; x_wconf 87' lang='lat' dir='ltr'>coepit.</span> <span class='ocrx_word' id='word_1_34' title='bbox 2005 1078 2123 1151; x_wconf 84' lang='lat' dir='ltr'>Gothi</span> 
     </span>
     <span class='ocr_line' id='line_1_7' title="bbox 371 1170 2123 1275; baseline -0.001 -21"><span class='ocrx_word' id='word_1_35' title='bbox 371 1184 476 1255; x_wconf 90' lang='lat' dir='ltr'>enim</span> <span class='ocrx_word' id='word_1_36' title='bbox 514 1181 556 1250; x_wconf 93' lang='lat' dir='ltr'>in</span> <span class='ocrx_word' id='word_1_37' title='bbox 596 1170 717 1253; x_wconf 70' lang='lat' dir='ltr'>Galba</span> <span class='ocrx_word' id='word_1_38' title='bbox 755 1191 794 1244; x_wconf 90' lang='lat' dir='ltr'>et</span> <span class='ocrx_word' id='word_1_39' title='bbox 828 1172 1014 1267; x_wconf 77' lang='lat' dir='ltr'>Hispania</span> <span class='ocrx_word' id='word_1_40' title='bbox 1054 1196 1187 1243; x_wconf 86' lang='lat' dir='ltr'>omnes</span> <span class='ocrx_word' id='word_1_41' title='bbox 1228 1172 1397 1267; x_wconf 89' lang='lat' dir='ltr'>reliquos</span> <span class='ocrx_word' id='word_1_42' title='bbox 1434 1176 1602 1262; x_wconf 78' lang='lat' dir='ltr'>Gothos,</span> <span class='ocrx_word' id='word_1_43' title='bbox 1638 1177 1706 1273; x_wconf 90' lang='lat' dir='ltr'>qui</span> <span class='ocrx_word' id='word_1_44' title='bbox 1739 1178 1919 1251; x_wconf 83' lang='lat' dir='ltr'>interris</span> <span class='ocrx_word' id='word_1_45' title='bbox 1945 1184 2123 1275; x_wconf 83' lang='lat' dir='ltr'>Europae</span> 
     </span>
     <span class='ocr_line' id='line_1_8' title="bbox 372 1275 2216 1375; baseline -0.003 -17"><span class='ocrx_word' id='word_1_46' title='bbox 372 1278 623 1361; x_wconf 72' lang='lat' dir='ltr'>orientalibus</span> <span class='ocrx_word' id='word_1_47' title='bbox 650 1275 918 1359; x_wconf 84' lang='lat' dir='ltr'>versabantur,</span> <span class='ocrx_word' id='word_1_48' title='bbox 948 1276 1270 1371; x_wconf 81' lang='lat' dir='ltr'>ostrogothorum</span> <span class='ocrx_word' id='word_1_49' title='bbox 1307 1275 1470 1348; x_wconf 88' lang='lat' dir='ltr'>nomine</span> <span class='ocrx_word' id='word_1_50' title='bbox 1504 1279 1759 1372; x_wconf 77' lang='lat' dir='ltr'>appellabant.</span> <span class='ocrx_word' id='word_1_51' title='bbox 1839 1284 1971 1375; x_wconf 81' lang='lat' dir='ltr'>ltaque</span> <span class='ocrx_word' id='word_1_52' title='bbox 1999 1281 2123 1354; x_wconf 90' lang='lat' dir='ltr'>Odoa·</span> <span class='ocrx_word' id='word_1_53' title='bbox 2209 1296 2216 1302; x_wconf 63' lang='lat'><strong>⁴</strong></span> 
     </span>
     <span class='ocr_line' id='line_1_9' title="bbox 372 1376 2235 1479; baseline -0.002 -21"><span class='ocrx_word' id='word_1_54' title='bbox 372 1404 635 1479; x_wconf 81' lang='lat' dir='ltr'>cerquoque,</span> <span class='ocrx_word' id='word_1_55' title='bbox 663 1382 893 1475; x_wconf 70' lang='lat' dir='ltr'>‘Rugorum,</span> <span class='ocrx_word' id='word_1_56' title='bbox 929 1376 1163 1447; x_wconf 90' lang='lat' dir='ltr'>Herulorum</span> <span class='ocrx_word' id='word_1_57' title='bbox 1198 1393 1237 1446; x_wconf 91' lang='lat' dir='ltr'>et</span> <span class='ocrx_word' id='word_1_58' title='bbox 1273 1378 1469 1449; x_wconf 75' lang='lat' dir='ltr'>Scirorum</span> <span class='ocrx_word' id='word_1_59' title='bbox 1499 1376 1597 1463; x_wconf 85' lang='lat' dir='ltr'>dux,</span> <span class='ocrx_word' id='word_1_60' title='bbox 1634 1381 1681 1451; x_wconf 84' lang='lat' dir='ltr'>ab</span> <span class='ocrx_word' id='word_1_61' title='bbox 1716 1382 1873 1454; x_wconf 88' lang='lat' dir='ltr'>Isidoro·</span> <span class='ocrx_word' id='word_1_62' title='bbox 1899 1383 2123 1479; x_wconf 78' lang='lat' dir='ltr'>Hispalensi</span> <span class='ocrx_word' id='word_1_63' title='bbox 2229 1380 2235 1389; x_wconf 72' lang='grc'>’</span> 
     </span>
     <span class='ocr_line' id='line_1_10' title="bbox 373 1474 2156 1581; baseline -0.002 -22"><span class='ocrx_word' id='word_1_64' title='bbox 373 1482 699 1581; x_wconf 81' lang='lat' dir='ltr'>ostrogothorum</span> <span class='ocrx_word' id='word_1_65' title='bbox 725 1494 792 1550; x_wconf 81' lang='lat' dir='ltr'>rex</span> <span class='ocrx_word' id='word_1_66' title='bbox 819 1477 968 1549; x_wconf 89' lang='lat' dir='ltr'>dicitur.</span> <span class='ocrx_word' id='word_1_67' title='bbox 1022 1474 1346 1575; x_wconf 69' lang='lat' dir='ltr'>ostrogothorum</span> <span class='ocrx_word' id='word_1_68' title='bbox 1385 1497 1511 1551; x_wconf 86' lang='lat' dir='ltr'>autem</span> <span class='ocrx_word' id='word_1_69' title='bbox 1548 1483 1895 1576; x_wconf 86' lang='lat' dir='ltr'>nomine-posthae</span> <span class='ocrx_word' id='word_1_70' title='bbox 1919 1484 1950 1555; x_wconf 84' lang='lat' dir='ltr'>ii</span> <span class='ocrx_word' id='word_1_71' title='bbox 1975 1502 2156 1579; x_wconf 85' lang='lat' dir='ltr'>praeter·</span> 
     </span>
     <span class='ocr_line' id='line_1_11' title="bbox 370 1580 2124 1687; baseline -0.001 -26"><span class='ocrx_word' id='word_1_72' title='bbox 370 1588 540 1687; x_wconf 89' lang='lat' dir='ltr'>reliquos</span> <span class='ocrx_word' id='word_1_73' title='bbox 568 1582 722 1679; x_wconf 86' lang='lat' dir='ltr'>imperii</span> <span class='ocrx_word' id='word_1_74' title='bbox 748 1582 944 1654; x_wconf 86' lang='lat' dir='ltr'>orientalis</span> <span class='ocrx_word' id='word_1_75' title='bbox 972 1580 1119 1651; x_wconf 89' lang='lat' dir='ltr'>Gothos</span> <span class='ocrx_word' id='word_1_76' title='bbox 1146 1580 1464 1678; x_wconf 80' lang='lat' dir='ltr'>designabantur,</span> <span class='ocrx_word' id='word_1_77' title='bbox 1502 1581 1569 1677; x_wconf 90' lang='lat' dir='ltr'>qui</span> <span class='ocrx_word' id='word_1_78' title='bbox 1601 1582 1715 1655; x_wconf 85' lang='lat' dir='ltr'>rebus</span> <span class='ocrx_word' id='word_1_79' title='bbox 1750 1581 1904 1658; x_wconf 88' lang='lat' dir='ltr'>fortiter</span> <span class='ocrx_word' id='word_1_80' title='bbox 1938 1604 1976 1659; x_wconf 86' lang='lat' dir='ltr'>et</span> <span class='ocrx_word' id='word_1_81' title='bbox 2001 1584 2124 1660; x_wconf 69' lang='lat' dir='ltr'>felicit</span> 
     </span>
     <span class='ocr_line' id='line_1_12' title="bbox 370 1677 1995 1793; baseline -0.001 -29"><span class='ocrx_word' id='word_1_82' title='bbox 370 1688 573 1793; x_wconf 78' lang='lat' dir='ltr'>tergestis</span> <span class='ocrx_word' id='word_1_83' title='bbox 601 1688 702 1759; x_wconf 82' lang='lat' dir='ltr'>inter</span> <span class='ocrx_word' id='word_1_84' title='bbox 728 1706 862 1755; x_wconf 91' lang='lat' dir='ltr'>omnes</span> <span class='ocrx_word' id='word_1_85' title='bbox 889 1682 1057 1754; x_wconf 87' lang='lat' dir='ltr'>illustres</span> <span class='ocrx_word' id='word_1_86' title='bbox 1085 1680 1325 1755; x_wconf 83' lang='lat' dir='ltr'>Theoderico</span> <span class='ocrx_word' id='word_1_87' title='bbox 1353 1683 1448 1755; x_wconf 90' lang='lat' dir='ltr'>duce</span> <span class='ocrx_word' id='word_1_88' title='bbox 1470 1677 1636 1757; x_wconf 68' lang='lat' dir='ltr'>⁴Italiam</span> <span class='ocrx_word' id='word_1_89' title='bbox 1662 1704 1995 1784; x_wconf 80' lang='lat' dir='ltr'>expugnaverunt.</span> 
     </span>
    </p>
   </div>
   <div class='ocr_carea' id='block_1_4' title="bbox 371 1850 2165 2457">
    <p class='ocr_par' dir='ltr' id='par_1_4' title="bbox 371 1850 2165 2457">
     <span class='ocr_line' id='line_1_13' title="bbox 473 1850 2165 1957; baseline -0.003 -27"><span class='ocrx_word' id='word_1_90' title='bbox 473 1856 626 1930; x_wconf 83' lang='lat' dir='ltr'>Alarico</span> <span class='ocrx_word' id='word_1_91' title='bbox 662 1876 751 1929; x_wconf 89' lang='lat' dir='ltr'>cum</span> <span class='ocrx_word' id='word_1_92' title='bbox 790 1873 932 1949; x_wconf 87' lang='lat' dir='ltr'>magna</span> <span class='ocrx_word' id='word_1_93' title='bbox 971 1852 1187 1923; x_wconf 86' lang='lat' dir='ltr'>Gothorum</span> <span class='ocrx_word' id='word_1_94' title='bbox 1223 1874 1344 1925; x_wconf 84' lang='lat' dir='ltr'>mauu</span> <span class='ocrx_word' id='word_1_95' title='bbox 1379 1850 1424 1925; x_wconf 93' lang='lat' dir='ltr'>in</span> <span class='ocrx_word' id='word_1_96' title='bbox 1469 1868 1588 1930; x_wconf 86' lang='lat' dir='ltr'>terras</span> <span class='ocrx_word' id='word_1_97' title='bbox 1626 1853 1880 1931; x_wconf 85' lang='lat' dir='ltr'>occidentales</span> <span class='ocrx_word' id='word_1_98' title='bbox 1918 1858 2123 1957; x_wconf 64' lang='lat' dir='ltr'>migranta,</span> <span class='ocrx_word' id='word_1_99' title='bbox 2160 1918 2165 1925; x_wconf 91' lang='lat'>.</span> 
     </span>
     <span class='ocr_line' id='line_1_14' title="bbox 372 1952 2123 2051; baseline -0.001 -15"><span class='ocrx_word' id='word_1_100' title='bbox 372 1964 609 2041; x_wconf 84' lang='lat' dir='ltr'>Gothorum,</span> <span class='ocrx_word' id='word_1_101' title='bbox 640 1958 719 2051; x_wconf 85' lang='lat' dir='ltr'>¹qui·</span> <span class='ocrx_word' id='word_1_102' title='bbox 758 1954 901 2027; x_wconf 81' lang='lat' dir='ltr'>residui</span> <span class='ocrx_word' id='word_1_103' title='bbox 945 1968 1056 2025; x_wconf 86' lang='lat' dir='ltr'>erant</span> <span class='ocrx_word' id='word_1_104' title='bbox 1097 1952 1213 2039; x_wconf 89' lang='lat' dir='ltr'>facti,</span> <span class='ocrx_word' id='word_1_105' title='bbox 1259 1977 1446 2027; x_wconf 87' lang='lat' dir='ltr'>numerus</span> <span class='ocrx_word' id='word_1_106' title='bbox 1482 1979 1574 2027; x_wconf 83' lang='lat' dir='ltr'>non</span> <span class='ocrx_word' id='word_1_107' title='bbox 1620 1955 1831 2030; x_wconf 87' lang='lat' dir='ltr'>admodum</span> <span class='ocrx_word' id='word_1_108' title='bbox 1866 1956 2123 2035; x_wconf 85' lang='lat' dir='ltr'>minuebatur.</span> 
     </span>
     <span class='ocr_line' id='line_1_15' title="bbox 371 2056 2125 2147; baseline 0 -12"><span class='ocrx_word' id='word_1_109' title='bbox 371 2072 521 2139; x_wconf 87' lang='lat' dir='ltr'>Praeter</span> <span class='ocrx_word' id='word_1_110' title='bbox 567 2058 659 2131; x_wconf 89' lang='lat' dir='ltr'>alias</span> <span class='ocrx_word' id='word_1_111' title='bbox 705 2072 833 2128; x_wconf 90' lang='lat' dir='ltr'>autem</span> <span class='ocrx_word' id='word_1_112' title='bbox 882 2070 998 2127; x_wconf 88' lang='lat' dir='ltr'>terras</span> <span class='ocrx_word' id='word_1_113' title='bbox 1041 2056 1241 2129; x_wconf 86' lang='lat' dir='ltr'>Pannonia</span> <span class='ocrx_word' id='word_1_114' title='bbox 1291 2057 1508 2147; x_wconf 84' lang='lat' dir='ltr'>Gothorum</span> <span class='ocrx_word' id='word_1_115' title='bbox 1544 2056 1656 2136; x_wconf 74' lang='lat' dir='ltr'>,sedes</span> <span class='ocrx_word' id='word_1_116' title='bbox 1702 2056 1855 2134; x_wconf 85' lang='lat' dir='ltr'>videtur</span> <span class='ocrx_word' id='word_1_117' title='bbox 1889 2058 2021 2139; x_wconf 78' lang='lat' dir='ltr'>fuisse.</span> <span class='ocrx_word' id='word_1_118' title='bbox 2071 2061 2125 2137; x_wconf 85' lang='lat' dir='ltr'>cf.</span> 
     </span>
     <span class='ocr_line' id='line_1_16' title="bbox 373 2150 2126 2257; baseline -0.002 -19"><span class='ocrx_word' id='word_1_119' title='bbox 373 2174 535 2257; x_wconf 87' lang='lat' dir='ltr'>Procop.</span> <span class='ocrx_word' id='word_1_120' title='bbox 572 2162 666 2233; x_wconf 86' lang='lat' dir='ltr'>Bell.</span> <span class='ocrx_word' id='word_1_121' title='bbox 692 2150 813 2231; x_wconf 83' lang='lat' dir='ltr'>Vand.</span> <span class='ocrx_word' id='word_1_122' title='bbox 849 2161 888 2243; x_wconf 94' lang='lat' dir='ltr'>I,</span> <span class='ocrx_word' id='word_1_123' title='bbox 925 2180 961 2230; x_wconf 82' lang='lat' dir='ltr'>o.</span> <span class='ocrx_word' id='word_1_124' title='bbox 988 2156 1165 2251; x_wconf 85' lang='lat' dir='ltr'>Theoph.</span> <span class='ocrx_word' id='word_1_125' title='bbox 1189 2182 1228 2252; x_wconf 87' lang='lat' dir='ltr'>p.</span> <span class='ocrx_word' id='word_1_126' title='bbox 1256 2178 1317 2245; x_wconf 70' lang='grc' dir='ltr'>ει.</span> <span class='ocrx_word' id='word_1_127' title='bbox 1355 2181 1430 2253; x_wconf 88' lang='lat' dir='ltr'>qua</span> <span class='ocrx_word' id='word_1_128' title='bbox 1457 2183 1506 2229; x_wconf 82' lang='lat' dir='ltr'>cx</span> <span class='ocrx_word' id='word_1_129' title='bbox 1530 2176 1628 2233; x_wconf 86' lang='lat' dir='ltr'>terra</span> <span class='ocrx_word' id='word_1_130' title='bbox 1652 2157 1876 2253; x_wconf 85' lang='lat' dir='ltr'>iiprodiere</span> <span class='ocrx_word' id='word_1_131' title='bbox 1897 2165 2126 2249; x_wconf 82' lang='lat' dir='ltr'>Gothorum,</span> 
     </span>
     <span class='ocr_line' id='line_1_17' title="bbox 373 2256 2127 2365; baseline 0.001 -29"><span class='ocrx_word' id='word_1_132' title='bbox 373 2268 515 2365; x_wconf 90' lang='lat' dir='ltr'>quibus</span> <span class='ocrx_word' id='word_1_133' title='bbox 541 2263 701 2359; x_wconf 89' lang='lat' dir='ltr'>posthac</span> <span class='ocrx_word' id='word_1_134' title='bbox 724 2259 975 2355; x_wconf 80' lang='lat' dir='ltr'>praecipuum</span> <span class='ocrx_word' id='word_1_135' title='bbox 1000 2256 1079 2331; x_wconf 83' lang='lat' dir='ltr'>fuit</span> <span class='ocrx_word' id='word_1_136' title='bbox 1115 2259 1442 2356; x_wconf 82' lang='lat' dir='ltr'>ostrogothorum</span> <span class='ocrx_word' id='word_1_137' title='bbox 1478 2280 1663 2334; x_wconf 71' lang='lat' dir='ltr'>nomen..</span> <span class='ocrx_word' id='word_1_138' title='bbox 1717 2266 1960 2357; x_wconf 82' lang='lat' dir='ltr'>Quamquam</span> <span class='ocrx_word' id='word_1_139' title='bbox 1997 2283 2127 2339; x_wconf 82' lang='lat' dir='ltr'>autent</span> 
     </span>
     <span class='ocr_line' id='line_1_18' title="bbox 374 2361 2127 2457; baseline -0.002 -15"><span class='ocrx_word' id='word_1_140' title='bbox 374 2386 413 2442; x_wconf 89' lang='lat' dir='ltr'>et</span> <span class='ocrx_word' id='word_1_141' title='bbox 444 2388 607 2439; x_wconf 89' lang='lat' dir='ltr'>numero</span> <span class='ocrx_word' id='word_1_142' title='bbox 642 2379 682 2434; x_wconf 89' lang='lat' dir='ltr'>at</span> <span class='ocrx_word' id='word_1_143' title='bbox 713 2361 861 2435; x_wconf 82' lang='lat' dir='ltr'>viribus</span> <span class='ocrx_word' id='word_1_144' title='bbox 898 2363 1122 2446; x_wconf 85' lang='lat' dir='ltr'>valuerunt,</span> <span class='ocrx_word' id='word_1_145' title='bbox 1175 2376 1306 2437; x_wconf 86' lang='lat' dir='ltr'>tamen</span> <span class='ocrx_word' id='word_1_146' title='bbox 1339 2364 1598 2447; x_wconf 86' lang='lat' dir='ltr'>Hunnorum,</span> <span class='ocrx_word' id='word_1_147' title='bbox 1651 2362 1720 2457; x_wconf 92' lang='lat' dir='ltr'>qui</span> <span class='ocrx_word' id='word_1_148' title='bbox 1757 2363 1917 2437; x_wconf 77' lang='lat' dir='ltr'>Daciam</span> <span class='ocrx_word' id='word_1_149' title='bbox 1955 2382 2127 2451; x_wconf 80' lang='lat' dir='ltr'>tenuere,</span> 
     </span>
    </p>
   </div>
   <div class='ocr_carea' id='block_1_5' title="bbox 373 2454 2242 2559">
    <p class='ocr_par' dir='ltr' id='par_1_5' title="bbox 373 2454 2242 2559">
     <span class='ocr_line' id='line_1_19' title="bbox 373 2454 2242 2559; baseline -0.001 -13"><span class='ocrx_word' id='word_1_150' title='bbox 373 2467 537 2559; x_wconf 86' lang='lat' dir='ltr'>subjecti</span> <span class='ocrx_word' id='word_1_151' title='bbox 573 2480 682 2536; x_wconf 89' lang='lat' dir='ltr'>erant</span> <span class='ocrx_word' id='word_1_152' title='bbox 716 2462 894 2535; x_wconf 85' lang='lat' dir='ltr'>dominio</span> <span class='ocrx_word' id='word_1_153' title='bbox 922 2454 988 2551; x_wconf 77' lang='lat'>²⁰).</span> <span class='ocrx_word' id='word_1_154' title='bbox 1041 2461 1090 2535; x_wconf 84' lang='lat' dir='ltr'>cf.</span> <span class='ocrx_word' id='word_1_155' title='bbox 1125 2461 1364 2557; x_wconf 84' lang='lat' dir='ltr'>Theophp.</span> <span class='ocrx_word' id='word_1_156' title='bbox 1382 2486 1480 2537; x_wconf 85' lang='grc' dir='ltr'><strong>ιιι.</strong></span> <span class='ocrx_word' id='word_1_157' title='bbox 1516 2463 1585 2558; x_wconf 91' lang='lat' dir='ltr'>qui</span> <span class='ocrx_word' id='word_1_158' title='bbox 1618 2464 1689 2535; x_wconf 90' lang='lat' dir='ltr'>hac</span> <span class='ocrx_word' id='word_1_159' title='bbox 1714 2464 1872 2559; x_wconf 84' lang='lat' dir='ltr'>quidem</span> <span class='ocrx_word' id='word_1_160' title='bbox 1903 2466 1947 2541; x_wconf 89' lang='lat' dir='ltr'>in</span> <span class='ocrx_word' id='word_1_161' title='bbox 1972 2494 2013 2543; x_wconf 89' lang='lat' dir='ltr'>rc</span> <span class='ocrx_word' id='word_1_162' title='bbox 2039 2492 2129 2544; x_wconf 83' lang='lat' dir='ltr'>cunt</span> <span class='ocrx_word' id='word_1_163' title='bbox 2238 2468 2242 2476; x_wconf 79' lang='grc'><strong>’</strong></span> 
     </span>
    </p>
   </div>
   <div class='ocr_carea' id='block_1_6' title="bbox 307 2564 2132 3677">
    <p class='ocr_par' dir='ltr' id='par_1_6' title="bbox 307 2564 2132 3677">
     <span class='ocr_line' id='line_1_20' title="bbox 373 2564 2127 2660; baseline -0.001 -15"><span class='ocrx_word' id='word_1_164' title='bbox 373 2570 568 2655; x_wconf 88' lang='lat' dir='ltr'>Jornande</span> <span class='ocrx_word' id='word_1_165' title='bbox 602 2566 809 2645; x_wconf 73' lang='lat' dir='ltr'>consentit.</span> <span class='ocrx_word' id='word_1_166' title='bbox 887 2564 1009 2635; x_wconf 82' lang='lat' dir='ltr'>Attila</span> <span class='ocrx_word' id='word_1_167' title='bbox 1036 2582 1220 2659; x_wconf 84' lang='lat' dir='ltr'>regnante</span> <span class='ocrx_word' id='word_1_168' title='bbox 1256 2581 1295 2635; x_wconf 86' lang='lat' dir='ltr'>ct</span> <span class='ocrx_word' id='word_1_169' title='bbox 1321 2564 1447 2636; x_wconf 90' lang='lat' dir='ltr'>multo</span> <span class='ocrx_word' id='word_1_170' title='bbox 1483 2566 1608 2660; x_wconf 83' lang='lat' dir='ltr'>magis</span> <span class='ocrx_word' id='word_1_171' title='bbox 1640 2588 1688 2641; x_wconf 85' lang='lat' dir='ltr'>co</span> <span class='ocrx_word' id='word_1_172' title='bbox 1715 2584 1872 2650; x_wconf 82' lang='lat' dir='ltr'>mortuo</span> <span class='ocrx_word' id='word_1_173' title='bbox 1898 2570 2127 2655; x_wconf 81' lang='lat' dir='ltr'>Guthomm,</span> 
     </span>
     <span class='ocr_line' id='line_1_21' title="bbox 374 2662 2128 2773; baseline -0.006 -30"><span class='ocrx_word' id='word_1_174' title='bbox 374 2675 454 2773; x_wconf 86' lang='lat' dir='ltr'>qui&#39;</span> <span class='ocrx_word' id='word_1_175' title='bbox 468 2667 714 2753; x_wconf 80' lang='lat' dir='ltr'>Pannoniam</span> <span class='ocrx_word' id='word_1_176' title='bbox 739 2670 917 2746; x_wconf 88' lang='lat' dir='ltr'>tenuere,</span> <span class='ocrx_word' id='word_1_177' title='bbox 942 2682 1006 2733; x_wconf 84' lang='lat' dir='ltr'>res</span> <span class='ocrx_word' id='word_1_178' title='bbox 1029 2664 1153 2731; x_wconf 86' lang='lat' dir='ltr'>tribus</span> <span class='ocrx_word' id='word_1_179' title='bbox 1179 2662 1385 2741; x_wconf 78' lang='lat' dir='ltr'>fratribus,</span> <span class='ocrx_word' id='word_1_180' title='bbox 1425 2663 1656 2745; x_wconf 78' lang='lat' dir='ltr'>walamiro,</span> <span class='ocrx_word' id='word_1_181' title='bbox 1695 2666 1953 2745; x_wconf 76' lang='lat' dir='ltr'>Theodemiro</span> <span class='ocrx_word' id='word_1_182' title='bbox 1979 2687 2018 2744; x_wconf 69' lang='lat' dir='ltr'>et</span> <span class='ocrx_word' id='word_1_183' title='bbox 2046 2672 2128 2745; x_wconf 64' lang='lat' dir='ltr'>wi,</span> 
     </span>
     <span class='ocr_line' id='line_1_22' title="bbox 375 2756 2130 2864; baseline 0.001 -19"><span class='ocrx_word' id='word_1_184' title='bbox 375 2774 517 2851; x_wconf 84' lang='lat' dir='ltr'>dimiro</span> <span class='ocrx_word' id='word_1_185' title='bbox 545 2762 618 2859; x_wconf 67' lang='grc'>29),</span> <span class='ocrx_word' id='word_1_186' title='bbox 661 2764 823 2838; x_wconf 87' lang='lat' dir='ltr'>ducibus</span> <span class='ocrx_word' id='word_1_187' title='bbox 850 2760 1018 2831; x_wconf 81' lang='lat' dir='ltr'>maxime</span> <span class='ocrx_word' id='word_1_188' title='bbox 1040 2756 1287 2842; x_wconf 68' lang='lat' dir='ltr'>floruerunt,</span> <span class='ocrx_word' id='word_1_189' title='bbox 1323 2760 1377 2830; x_wconf 90' lang='lat' dir='ltr'>ita</span> <span class='ocrx_word' id='word_1_190' title='bbox 1413 2777 1470 2833; x_wconf 89' lang='lat' dir='ltr'>ut.</span> <span class='ocrx_word' id='word_1_191' title='bbox 1491 2761 1765 2837; x_wconf 79' lang='lat' dir='ltr'>illustrissimis</span> <span class='ocrx_word' id='word_1_192' title='bbox 1792 2765 1838 2838; x_wconf 88' lang='lat' dir='ltr'>de</span> <span class='ocrx_word' id='word_1_193' title='bbox 1864 2769 2044 2864; x_wconf 82' lang='lat' dir='ltr'>gentibus</span> <span class='ocrx_word' id='word_1_194' title='bbox 2069 2770 2130 2851; x_wconf 77' lang='lat' dir='ltr'>ti·</span> 
     </span>
     <span class='ocr_line' id='line_1_23' title="bbox 375 2859 2130 2969; baseline -0.005 -18"><span class='ocrx_word' id='word_1_195' title='bbox 375 2878 474 2953; x_wconf 87' lang='lat' dir='ltr'>cinis</span> <span class='ocrx_word' id='word_1_196' title='bbox 500 2868 721 2969; x_wconf 77' lang='lat' dir='ltr'>potirentur</span> <span class='ocrx_word' id='word_1_197' title='bbox 754 2863 944 2937; x_wconf 82' lang='lat' dir='ltr'>victoriis.</span> <span class='ocrx_word' id='word_1_198' title='bbox 1022 2861 1171 2957; x_wconf 83' lang='lat' dir='ltr'>Quibus</span> <span class='ocrx_word' id='word_1_199' title='bbox 1206 2860 1317 2932; x_wconf 85' lang='lat' dir='ltr'>rebus</span> <span class='ocrx_word' id='word_1_200' title='bbox 1355 2860 1446 2933; x_wconf 89' lang='lat' dir='ltr'>elati</span> <span class='ocrx_word' id='word_1_201' title='bbox 1476 2859 1637 2951; x_wconf 78' lang='lat' dir='ltr'>majora,</span> <span class='ocrx_word' id='word_1_202' title='bbox 1661 2867 1931 2960; x_wconf 73' lang='lat' dir='ltr'>concupiscere</span> <span class='ocrx_word' id='word_1_203' title='bbox 1969 2886 2009 2944; x_wconf 90' lang='lat' dir='ltr'>et</span> <span class='ocrx_word' id='word_1_204' title='bbox 2032 2876 2130 2947; x_wconf 90' lang='lat' dir='ltr'>Pan·</span> 
     </span>
     <span class='ocr_line' id='line_1_24' title="bbox 375 2960 2131 3071; baseline -0.005 -24"><span class='ocrx_word' id='word_1_205' title='bbox 375 2976 498 3053; x_wconf 85' lang='lat' dir='ltr'>nonia</span> <span class='ocrx_word' id='word_1_206' title='bbox 524 2974 654 3045; x_wconf 90' lang='lat' dir='ltr'>relicta</span> <span class='ocrx_word' id='word_1_207' title='bbox 694 2966 861 3040; x_wconf 89' lang='lat' dir='ltr'>Orientis</span> <span class='ocrx_word' id='word_1_208' title='bbox 896 2980 1015 3035; x_wconf 83' lang='lat' dir='ltr'>terras</span> <span class='ocrx_word' id='word_1_209' title='bbox 1051 2968 1183 3055; x_wconf 79' lang='lat' dir='ltr'>Leone</span> <span class='ocrx_word' id='word_1_210' title='bbox 1216 2966 1464 3057; x_wconf 56' lang='lat' dir='ltr'>lmperarore,</span> <span class='ocrx_word' id='word_1_211' title='bbox 1485 2982 1614 3057; x_wconf 84' lang='lat' dir='ltr'>petere</span> <span class='ocrx_word' id='word_1_212' title='bbox 1651 2988 1848 3059; x_wconf 57' lang='lat' dir='ltr'>coepere„</span> <span class='ocrx_word' id='word_1_213' title='bbox 1897 2960 2131 3071; x_wconf 57' lang='lat' dir='ltr'>pltfeotho..</span> 
     </span>
     <span class='ocr_line' id='line_1_25' title="bbox 312 3063 2132 3172; baseline 0 -25"><span class='ocrx_word' id='word_1_214' title='bbox 312 3118 329 3147; x_wconf 47' lang='lat' dir='ltr'>x</span> <span class='ocrx_word' id='word_1_215' title='bbox 376 3104 486 3163; x_wconf 85' lang='lat' dir='ltr'>rum,</span> <span class='ocrx_word' id='word_1_216' title='bbox 514 3076 581 3172; x_wconf 89' lang='lat' dir='ltr'>qui</span> <span class='ocrx_word' id='word_1_217' title='bbox 608 3070 797 3143; x_wconf 86' lang='lat' dir='ltr'>Moesiam</span> <span class='ocrx_word' id='word_1_218' title='bbox 824 3065 1099 3159; x_wconf 82' lang='lat' dir='ltr'>Thraciamque</span> <span class='ocrx_word' id='word_1_219' title='bbox 1134 3079 1318 3148; x_wconf 89' lang='lat' dir='ltr'>tenuere,</span> <span class='ocrx_word' id='word_1_220' title='bbox 1354 3087 1414 3135; x_wconf 87' lang='lat' dir='ltr'>res</span> <span class='ocrx_word' id='word_1_221' title='bbox 1450 3063 1595 3161; x_wconf 76' lang='lat' dir='ltr'>Aspare</span> <span class='ocrx_word' id='word_1_222' title='bbox 1619 3085 1659 3140; x_wconf 88' lang='lat' dir='ltr'>ct</span> <span class='ocrx_word' id='word_1_223' title='bbox 1684 3067 1948 3156; x_wconf 85' lang='lat' dir='ltr'>Theoderico,</span> <span class='ocrx_word' id='word_1_224' title='bbox 1988 3073 2132 3155; x_wconf 84' lang='lat' dir='ltr'>Triarii</span> 
     </span>
     <span class='ocr_line' id='line_1_26' title="bbox 311 3165 2131 3271; baseline 0.002 -29"><span class='ocrx_word' id='word_1_225' title='bbox 311 3187 316 3195; x_wconf 83' lang='lat'>&#39;</span> <span class='ocrx_word' id='word_1_226' title='bbox 378 3183 480 3264; x_wconf 84' lang='lat' dir='ltr'>filio,</span> <span class='ocrx_word' id='word_1_227' title='bbox 516 3170 777 3271; x_wconf 86' lang='lat' dir='ltr'>principibus,</span> <span class='ocrx_word' id='word_1_228' title='bbox 812 3192 903 3240; x_wconf 66' lang='lat' dir='ltr'>non⁴</span> <span class='ocrx_word' id='word_1_229' title='bbox 930 3166 1061 3253; x_wconf 82' lang='lat' dir='ltr'>minus</span> <span class='ocrx_word' id='word_1_230' title='bbox 1087 3188 1272 3260; x_wconf 87' lang='lat' dir='ltr'>prospero</span> <span class='ocrx_word' id='word_1_231' title='bbox 1306 3165 1523 3263; x_wconf 85' lang='lat' dir='ltr'>gaudebant</span> <span class='ocrx_word' id='word_1_232' title='bbox 1556 3184 1669 3240; x_wconf 89' lang='lat' dir='ltr'>statu.</span> <span class='ocrx_word' id='word_1_233' title='bbox 1746 3175 1879 3265; x_wconf 89' lang='lat' dir='ltr'>Itaque</span> <span class='ocrx_word' id='word_1_234' title='bbox 1913 3189 1952 3245; x_wconf 90' lang='lat' dir='ltr'>et</span> <span class='ocrx_word' id='word_1_235' title='bbox 1984 3176 2131 3251; x_wconf 88' lang='lat' dir='ltr'>Gotho·</span> 
     </span>
     <span class='ocr_line' id='line_1_27' title="bbox 375 3263 2131 3371; baseline -0.002 -17"><span class='ocrx_word' id='word_1_236' title='bbox 375 3305 463 3354; x_wconf 89' lang='lat' dir='ltr'>rum</span> <span class='ocrx_word' id='word_1_237' title='bbox 491 3273 765 3371; x_wconf 85' lang='lat' dir='ltr'>cupiditatibus</span> <span class='ocrx_word' id='word_1_238' title='bbox 804 3286 841 3341; x_wconf 88' lang='lat' dir='ltr'>et</span> <span class='ocrx_word' id='word_1_239' title='bbox 867 3272 1132 3341; x_wconf 82' lang='lat' dir='ltr'>Romanorum</span> <span class='ocrx_word' id='word_1_240' title='bbox 1171 3265 1318 3339; x_wconf 87' lang='lat' dir='ltr'>artibus</span> <span class='ocrx_word' id='word_1_241' title='bbox 1353 3263 1499 3345; x_wconf 87' lang='lat' dir='ltr'>factum</span> <span class='ocrx_word' id='word_1_242' title='bbox 1533 3286 1612 3353; x_wconf 85' lang='lat' dir='ltr'>est,</span> <span class='ocrx_word' id='word_1_243' title='bbox 1646 3288 1693 3341; x_wconf 92' lang='lat' dir='ltr'>ut</span> <span class='ocrx_word' id='word_1_244' title='bbox 1725 3272 1879 3366; x_wconf 90' lang='lat' dir='ltr'>utrique</span> <span class='ocrx_word' id='word_1_245' title='bbox 1914 3277 2131 3355; x_wconf 83' lang='lat' dir='ltr'>Gothorum</span> 
     </span>
     <span class='ocr_line' id='line_1_28' title="bbox 378 3368 2130 3468; baseline -0.009 -12"><span class='ocrx_word' id='word_1_246' title='bbox 378 3385 421 3456; x_wconf 93' lang='lat' dir='ltr'>in</span> <span class='ocrx_word' id='word_1_247' title='bbox 458 3380 635 3451; x_wconf 88' lang='lat' dir='ltr'>acerrima</span> <span class='ocrx_word' id='word_1_248' title='bbox 671 3374 840 3451; x_wconf 86' lang='lat' dir='ltr'>invicem</span> <span class='ocrx_word' id='word_1_249' title='bbox 874 3368 1020 3467; x_wconf 88' lang='lat' dir='ltr'>proelia</span> <span class='ocrx_word' id='word_1_250' title='bbox 1059 3384 1323 3467; x_wconf 80' lang='lat' dir='ltr'>assurgerent,</span> <span class='ocrx_word' id='word_1_251' title='bbox 1360 3392 1382 3439; x_wconf 84' lang='lat' dir='ltr'>o</span> <span class='ocrx_word' id='word_1_252' title='bbox 1413 3368 1723 3465; x_wconf 75' lang='lat' dir='ltr'>,quibus‚Gothi,</span> <span class='ocrx_word' id='word_1_253' title='bbox 1768 3373 1837 3468; x_wconf 78' lang='lat' dir='ltr'>qui</span> <span class='ocrx_word' id='word_1_254' title='bbox 1872 3396 1894 3453; x_wconf 76' lang='lat' dir='ltr'>a</span> <span class='ocrx_word' id='word_1_255' title='bbox 1929 3380 2130 3454; x_wconf 63' lang='lat' dir='ltr'>Pannonia</span> 
     </span>
     <span class='ocr_line' id='line_1_29' title="bbox 376 3467 2131 3582; baseline -0.001 -27"><span class='ocrx_word' id='word_1_256' title='bbox 376 3482 573 3582; x_wconf 85' lang='lat' dir='ltr'>prodiere,</span> <span class='ocrx_word' id='word_1_257' title='bbox 609 3478 731 3549; x_wconf 89' lang='lat' dir='ltr'>multa</span> <span class='ocrx_word' id='word_1_258' title='bbox 766 3472 910 3563; x_wconf 84' lang='lat' dir='ltr'>majora</span> <span class='ocrx_word' id='word_1_259' title='bbox 945 3472 1145 3545; x_wconf 85' lang='lat' dir='ltr'>videntur&#39;</span> <span class='ocrx_word' id='word_1_260' title='bbox 1162 3471 1350 3567; x_wconf 86' lang='lat' dir='ltr'>accepisse</span> <span class='ocrx_word' id='word_1_261' title='bbox 1383 3467 1632 3558; x_wconf 84' lang='lat' dir='ltr'>detrimenta,</span> <span class='ocrx_word' id='word_1_262' title='bbox 1672 3496 1787 3568; x_wconf 91' lang='lat' dir='ltr'>quam</span> <span class='ocrx_word' id='word_1_263' title='bbox 1813 3477 1964 3573; x_wconf 88' lang='lat' dir='ltr'>reliqui.</span> <span class='ocrx_word' id='word_1_264' title='bbox 2031 3484 2131 3554; x_wconf 86' lang='lat' dir='ltr'>Cum</span> 
     </span>
     <span class='ocr_line' id='line_1_30' title="bbox 307 3569 2131 3677; baseline -0.004 -17"><span class='ocrx_word' id='word_1_265' title='bbox 307 3608 309 3613; x_wconf 86' lang='lat'>·</span> <span class='ocrx_word' id='word_1_266' title='bbox 360 3602 507 3673; x_wconf 63' lang='lat' dir='ltr'>‚autem</span> <span class='ocrx_word' id='word_1_267' title='bbox 532 3605 617 3653; x_wconf 91' lang='lat' dir='ltr'>non</span> <span class='ocrx_word' id='word_1_268' title='bbox 642 3582 765 3677; x_wconf 86' lang='lat' dir='ltr'>longo</span> <span class='ocrx_word' id='word_1_269' title='bbox 789 3594 963 3671; x_wconf 89' lang='lat' dir='ltr'>tempore</span> <span class='ocrx_word' id='word_1_270' title='bbox 999 3592 1090 3669; x_wconf 89' lang='lat' dir='ltr'>post</span> <span class='ocrx_word' id='word_1_271' title='bbox 1123 3571 1267 3647; x_wconf 86' lang='lat' dir='ltr'>Triarii</span> <span class='ocrx_word' id='word_1_272' title='bbox 1299 3569 1405 3651; x_wconf 76' lang='lat' dir='ltr'>filius</span> <span class='ocrx_word' id='word_1_273' title='bbox 1439 3594 1530 3654; x_wconf 77' lang='lat' dir='ltr'>casu</span> <span class='ocrx_word' id='word_1_274' title='bbox 1565 3572 1759 3651; x_wconf 83' lang='lat' dir='ltr'>decederet</span> <span class='ocrx_word' id='word_1_275' title='bbox 1793 3592 1833 3652; x_wconf 88' lang='lat' dir='ltr'>ct</span> <span class='ocrx_word' id='word_1_276' title='bbox 1853 3580 1988 3677; x_wconf 55' lang='lat' dir='ltr'>,Aspar</span> <span class='ocrx_word' id='word_1_277' title='bbox 2012 3582 2131 3669; x_wconf 69' lang='lat' dir='ltr'>inter,-</span> 
     </span>
    </p>
   </div>
   <div class='ocr_carea' id='block_1_7' title="bbox 380 3804 584 3833">
    <p class='ocr_par' dir='ltr' id='par_1_7' title="bbox 380 3804 584 3833">
     <span class='ocr_line' id='line_1_31' title="bbox 380 3804 584 3833; baseline -0.01 -4"><span class='ocrx_word' id='word_1_278' title='bbox 380 3804 584 3833; x_wconf 52' lang='lat' dir='ltr'>*nu—-</span> 
     </span>
    </p>
   </div>
   <div class='ocr_carea' id='block_1_8' title="bbox 225 3930 2217 4561">
    <p class='ocr_par' dir='ltr' id='par_1_8' title="bbox 372 3930 2133 4041">
     <span class='ocr_line' id='line_1_32' title="bbox 372 3930 2133 4041; baseline 0.001 -26"><span class='ocrx_word' id='word_1_279' title='bbox 372 4006 375 4015; x_wconf 91' lang='lat'>.</span> <span class='ocrx_word' id='word_1_280' title='bbox 436 4006 440 4013; x_wconf 89' lang='lat'>.</span> <span class='ocrx_word' id='word_1_281' title='bbox 466 3955 523 4033; x_wconf 77' lang='lat'>28)</span> <span class='ocrx_word' id='word_1_282' title='bbox 547 3955 593 4033; x_wconf 85' lang='lat' dir='ltr'>si,</span> <span class='ocrx_word' id='word_1_283' title='bbox 617 3930 699 4032; x_wconf 74' lang='lat' dir='ltr'>quae</span> <span class='ocrx_word' id='word_1_284' title='bbox 715 3950 894 4020; x_wconf 85' lang='lat' dir='ltr'>Jornandes</span> <span class='ocrx_word' id='word_1_285' title='bbox 918 3972 947 4013; x_wconf 87' lang='lat' dir='ltr'>c·</span> <span class='ocrx_word' id='word_1_286' title='bbox 969 3956 1022 4031; x_wconf 77' lang='grc'>43.</span> <span class='ocrx_word' id='word_1_287' title='bbox 1044 3941 1223 4012; x_wconf 57' lang='grc' dir='ltr'>ἆιΟιῑιοὲ</span> <span class='ocrx_word' id='word_1_288' title='bbox 1386 3944 1442 4031; x_wconf 79' lang='lat' dir='ltr'>29l</span> <span class='ocrx_word' id='word_1_289' title='bbox 1465 3943 1640 4031; x_wconf 69' lang='lat' dir='ltr'>intet&#39;hor</span> <span class='ocrx_word' id='word_1_290' title='bbox 1678 3950 1812 4015; x_wconf 82' lang='lat' dir='ltr'>fratres&#39;</span> <span class='ocrx_word' id='word_1_291' title='bbox 1828 3950 2027 4017; x_wconf 86' lang='lat' dir='ltr'>Walamirur</span> <span class='ocrx_word' id='word_1_292' title='bbox 2045 3935 2133 4041; x_wconf 87' lang='lat' dir='ltr'>apud</span> 
     </span>
    </p>

    <p class='ocr_par' dir='ltr' id='par_1_9' title="bbox 378 4028 2136 4137">
     <span class='ocr_line' id='line_1_33' title="bbox 378 4028 2136 4137; baseline -0.003 -31"><span class='ocrx_word' id='word_1_293' title='bbox 378 4044 489 4137; x_wconf 81' lang='lat' dir='ltr'>gothis</span> <span class='ocrx_word' id='word_1_294' title='bbox 512 4041 628 4116; x_wconf 87' lang='lat' dir='ltr'>tradit,</span> <span class='ocrx_word' id='word_1_295' title='bbox 662 4050 766 4103; x_wconf 87' lang='lat' dir='ltr'>rertlm</span> <span class='ocrx_word' id='word_1_296' title='bbox 801 4028 961 4123; x_wconf 66' lang='lat' dir='ltr'>gestarum</span> <span class='ocrx_word' id='word_1_297' title='bbox 984 4036 1134 4097; x_wconf 81' lang='lat' dir='ltr'>nituntur</span> <span class='ocrx_word' id='word_1_298' title='bbox 1157 4054 1213 4101; x_wconf 81' lang='lat' dir='ltr'>ve·</span> <span class='ocrx_word' id='word_1_299' title='bbox 1298 4032 1466 4096; x_wconf 86' lang='lat' dir='ltr'>Romanos</span> <span class='ocrx_word' id='word_1_300' title='bbox 1503 4034 1679 4098; x_wconf 87' lang='lat' dir='ltr'>orientales</span> <span class='ocrx_word' id='word_1_301' title='bbox 1710 4036 1880 4098; x_wconf 85' lang='lat' dir='ltr'>maximam</span> <span class='ocrx_word' id='word_1_302' title='bbox 1912 4038 2047 4123; x_wconf 82' lang='lat' dir='ltr'>adeptus</span> <span class='ocrx_word' id='word_1_303' title='bbox 2084 4055 2136 4103; x_wconf 80' lang='lat' dir='ltr'>est</span> 
     </span>
    </p>

    <p class='ocr_par' dir='ltr' id='par_1_10' title="bbox 378 4118 2217 4208">
     <span class='ocr_line' id='line_1_34' title="bbox 378 4118 2217 4208; baseline -0.003 -14"><span class='ocrx_word' id='word_1_304' title='bbox 378 4134 494 4203; x_wconf 87' lang='lat' dir='ltr'>ritate,</span> <span class='ocrx_word' id='word_1_305' title='bbox 527 4128 664 4187; x_wconf 84' lang='lat' dir='ltr'>maxima</span> <span class='ocrx_word' id='word_1_306' title='bbox 689 4138 844 4208; x_wconf 83' lang='lat' dir='ltr'>exparte</span> <span class='ocrx_word' id='word_1_307' title='bbox 866 4120 906 4183; x_wconf 90' lang='lat' dir='ltr'>ad</span> <span class='ocrx_word' id='word_1_308' title='bbox 929 4118 1134 4182; x_wconf 89' lang='lat' dir='ltr'>Pannonicas</span> <span class='ocrx_word' id='word_1_309' title='bbox 1158 4140 1214 4181; x_wconf 90' lang='lat' dir='ltr'>eo·</span> <span class='ocrx_word' id='word_1_310' title='bbox 1298 4120 1417 4180; x_wconf 81' lang='lat' dir='ltr'>famam</span> <span class='ocrx_word' id='word_1_311' title='bbox 1439 4132 1474 4181; x_wconf 88' lang='lat' dir='ltr'>et</span> <span class='ocrx_word' id='word_1_312' title='bbox 1495 4134 1674 4181; x_wconf 81' lang='lat' dir='ltr'>memoratu</span> <span class='ocrx_word' id='word_1_313' title='bbox 1690 4120 1915 4207; x_wconf 80' lang='lat' dir='ltr'>dignissimum</span> <span class='ocrx_word' id='word_1_314' title='bbox 1936 4138 1998 4198; x_wconf 79' lang='lat' dir='ltr'>est,</span> <span class='ocrx_word' id='word_1_315' title='bbox 2022 4124 2135 4187; x_wconf 84' lang='lat' dir='ltr'>Theo·</span> <span class='ocrx_word' id='word_1_316' title='bbox 2209 4176 2217 4188; x_wconf 86' lang='lat'>.</span> 
     </span>
    </p>

    <p class='ocr_par' dir='ltr' id='par_1_11' title="bbox 378 4202 2135 4289">
     <span class='ocr_line' id='line_1_35' title="bbox 378 4202 2135 4289; baseline -0.004 -12"><span class='ocrx_word' id='word_1_317' title='bbox 378 4240 448 4279; x_wconf 90' lang='lat' dir='ltr'>rum</span> <span class='ocrx_word' id='word_1_318' title='bbox 473 4210 563 4277; x_wconf 85' lang='lat' dir='ltr'>sedes</span> <span class='ocrx_word' id='word_1_319' title='bbox 585 4210 756 4273; x_wconf 82' lang='lat' dir='ltr'>referenda</span> <span class='ocrx_word' id='word_1_320' title='bbox 780 4222 876 4275; x_wconf 82' lang='lat' dir='ltr'>sunt,</span> <span class='ocrx_word' id='word_1_321' title='bbox 910 4226 988 4289; x_wconf 88' lang='lat' dir='ltr'>quas</span> <span class='ocrx_word' id='word_1_322' title='bbox 1011 4208 1115 4265; x_wconf 85' lang='lat' dir='ltr'>multo</span> <span class='ocrx_word' id='word_1_323' title='bbox 1137 4206 1226 4267; x_wconf 74' lang='lat' dir='ltr'>ante</span> <span class='ocrx_word' id='word_1_324' title='bbox 1297 4202 1446 4265; x_wconf 86' lang='lat' dir='ltr'>doricum</span> <span class='ocrx_word' id='word_1_325' title='bbox 1488 4226 1556 4266; x_wconf 89' lang='lat' dir='ltr'>non</span> <span class='ocrx_word' id='word_1_326' title='bbox 1597 4206 1827 4280; x_wconf 88' lang='lat' dir='ltr'>Theodemiri,</span> <span class='ocrx_word' id='word_1_327' title='bbox 1870 4222 1910 4269; x_wconf 81' lang='lat' dir='ltr'>ut</span> <span class='ocrx_word' id='word_1_328' title='bbox 1952 4210 2135 4275; x_wconf 72' lang='lat' dir='ltr'>lornandst</span> 
     </span>
    </p>

    <p class='ocr_par' dir='ltr' id='par_1_12' title="bbox 377 4288 2134 4379">
     <span class='ocr_line' id='line_1_36' title="bbox 377 4288 2134 4379; baseline -0.003 -16"><span class='ocrx_word' id='word_1_329' title='bbox 377 4302 500 4365; x_wconf 79' lang='lat' dir='ltr'>Attilae</span> <span class='ocrx_word' id='word_1_330' title='bbox 517 4298 651 4375; x_wconf 77' lang='lat' dir='ltr'>,obitum</span> <span class='ocrx_word' id='word_1_331' title='bbox 667 4296 843 4379; x_wconf 70' lang='lat' dir='ltr'>,tenuerint</span> <span class='ocrx_word' id='word_1_332' title='bbox 862 4310 995 4357; x_wconf 79' lang='lat' dir='ltr'>necesse</span> <span class='ocrx_word' id='word_1_333' title='bbox 1019 4304 1081 4366; x_wconf 74' lang='lat' dir='ltr'>ert,</span> <span class='ocrx_word' id='word_1_334' title='bbox 1121 4290 1215 4366; x_wconf 65' lang='lat' dir='ltr'>,Gom</span> <span class='ocrx_word' id='word_1_335' title='bbox 1298 4292 1386 4364; x_wconf 85' lang='lat' dir='ltr'>vult,</span> <span class='ocrx_word' id='word_1_336' title='bbox 1406 4288 1465 4357; x_wconf 82' lang='lat' dir='ltr'>red</span> <span class='ocrx_word' id='word_1_337' title='bbox 1485 4292 1664 4363; x_wconf 80' lang='lat' dir='ltr'>Walameri</span> <span class='ocrx_word' id='word_1_338' title='bbox 1687 4291 1727 4361; x_wconf 83' lang='lat' dir='ltr'>ab</span> <span class='ocrx_word' id='word_1_339' title='bbox 1750 4292 1817 4354; x_wconf 82' lang='lat' dir='ltr'>illia</span> <span class='ocrx_word' id='word_1_340' title='bbox 1839 4290 1916 4355; x_wconf 90' lang='lat' dir='ltr'>dici.</span> <span class='ocrx_word' id='word_1_341' title='bbox 1938 4295 1982 4357; x_wconf 76' lang='lat' dir='ltr'>ct.</span> <span class='ocrx_word' id='word_1_342' title='bbox 2004 4294 2134 4379; x_wconf 76' lang='lat' dir='ltr'>Malchi</span> 
     </span>
    </p>

    <p class='ocr_par' dir='ltr' id='par_1_13' title="bbox 225 4374 2132 4561">
     <span class='ocr_line' id='line_1_37' title="bbox 225 4374 2132 4465; baseline 0 -23"><span class='ocrx_word' id='word_1_343' title='bbox 225 4442 230 4451; x_wconf 74' lang='grc'>,</span> <span class='ocrx_word' id='word_1_344' title='bbox 275 4406 281 4422; x_wconf 70' lang='lat'>=</span> <span class='ocrx_word' id='word_1_345' title='bbox 378 4390 501 4459; x_wconf 67' lang='lat' dir='ltr'>feratur</span> <span class='ocrx_word' id='word_1_346' title='bbox 535 4406 564 4445; x_wconf 85' lang='lat' dir='ltr'>c.</span> <span class='ocrx_word' id='word_1_347' title='bbox 599 4384 655 4458; x_wconf 90' lang='lat' dir='ltr'>II,</span> <span class='ocrx_word' id='word_1_348' title='bbox 694 4380 722 4458; x_wconf 87' lang='lat'>§.</span> <span class='ocrx_word' id='word_1_349' title='bbox 749 4380 797 4458; x_wconf 56' lang='lat'>‘71</span> <span class='ocrx_word' id='word_1_350' title='bbox 817 4388 850 4465; x_wconf 80' lang='lat'>4.</span> <span class='ocrx_word' id='word_1_351' title='bbox 884 4374 982 4461; x_wconf 85' lang='lat' dir='ltr'>hujus</span> <span class='ocrx_word' id='word_1_352' title='bbox 1007 4380 1215 4439; x_wconf 58' lang='lat' dir='ltr'>“commenta</span> <span class='ocrx_word' id='word_1_353' title='bbox 1299 4374 1416 4457; x_wconf 78' lang='lat' dir='ltr'>fragm.</span> <span class='ocrx_word' id='word_1_354' title='bbox 1461 4375 1587 4436; x_wconf 85' lang='lat' dir='ltr'>Auctor</span> <span class='ocrx_word' id='word_1_355' title='bbox 1616 4376 1772 4460; x_wconf 75' lang='lat' dir='ltr'>ignotus,</span> <span class='ocrx_word' id='word_1_356' title='bbox 1806 4400 1823 4437; x_wconf 88' lang='lat' dir='ltr'>o</span> <span class='ocrx_word' id='word_1_357' title='bbox 1850 4378 1977 4442; x_wconf 86' lang='lat' dir='ltr'>Valerio</span> <span class='ocrx_word' id='word_1_358' title='bbox 2009 4379 2132 4456; x_wconf 85' lang='lat' dir='ltr'>editur,</span> 
     </span>
     <span class='ocr_line' id='line_1_38' title="bbox 292 4456 2049 4561; baseline -0.005 -26"><span class='ocrx_word' id='word_1_359' title='bbox 292 4538 303 4561; x_wconf 48' lang='grc' dir='ltr'><strong><em>Ι</em></strong></span> <span class='ocrx_word' id='word_1_360' title='bbox 377 4473 494 4549; x_wconf 73' lang='lat' dir='ltr'>tionis.</span> <span class='ocrx_word' id='word_1_361' title='bbox 1299 4456 1487 4544; x_wconf 83' lang='lat' dir='ltr'>Marcellini</span> <span class='ocrx_word' id='word_1_362' title='bbox 1512 4456 1721 4537; x_wconf 72' lang='lat' dir='ltr'>chronicon,</span> <span class='ocrx_word' id='word_1_363' title='bbox 1747 4460 1964 4549; x_wconf 79' lang='lat' dir='ltr'>Theophanes</span> <span class='ocrx_word' id='word_1_364' title='bbox 1986 4480 2049 4529; x_wconf 83' lang='lat' dir='ltr'>etc.</span> 
     </span>
    </p>
   </div>
   <div class='ocr_carea' id='block_1_9' title="bbox 0 0 2420 5556">
    <p class='ocr_par' dir='ltr' id='par_1_14' title="bbox 0 0 2420 5556">
     <span class='ocr_line' id='line_1_39' title="bbox 0 0 2420 5556; baseline 0 0"><span class='ocrx_word' id='word_1_365' title='bbox 0 0 2420 5556; x_wconf 95' lang='lat' dir='ltr'> </span> 
     </span>
    </p>
   </div>
  </div>
 </body>
</html>
