4800 5567
1986 116 1998 155 Ι

1066 202 1428 335 ·.···⁴⁴⁴·

375 417 557 519 proximo
584 414 722 514 quovis
749 431 922 513 tempore
947 410 991 489 in
1018 434 1267 489 communem
1291 412 1416 489 abiere
1441 414 1647 505 notitiam,
1683 416 1752 493 sed
1776 414 1896 495 initio
1920 416 2132 497 latissimae

376 541 486 599 erant
512 518 807 619 significationis
834 537 872 591 et
896 518 1082 613 temporis
1108 515 1263 591 taudem
1297 543 1504 617 progressu
1538 538 1659 593 certae
1694 520 1879 617 quaedam
1913 522 2132 598 Gothorum

376 643 502 721 partes
528 624 588 695 his
615 620 845 695 nominibus
873 618 1183 719 designabantur.
1263 622 1482 695 Theodosio
1518 638 1673 695 mortuo
1712 648 1829 697 omne
1863 627 2131 699 Romanorum

290 772 293 779 ·
377 725 585 822 imperium
610 726 652 797 in
680 721 756 795 duo
785 722 958 798 divisum
983 739 1039 795 est
1065 746 1201 819 regna,
1229 746 1395 818 quorum
1421 723 1647 821 uni.·quotl
1674 726 1860 797 orientale
1886 726 2130 815 dictumest,

373 828 582 912 Arcadius,
611 826 719 899 alteri
747 822 906 897 occiduo
935 825 1135 897 Honorius
1162 829 1373 919 Imperator
1408 824 1587 919 praefuit,
1659 832 1711 899 Et
1745 827 1837 901 inde
1862 829 1910 901 ab
1936 830 2012 905 hoc
2037 846 2137 903 tam-

373 954 469 1027 pore
503 932 769 1001 Rornanorum
804 924 1100 999 occidentalitun
1133 926 1296 999 nomina
1343 928 1445 1022 apud
1479 928 1683 1023 scriptores
1731 932 1898 1003 maxime
1941 932 2131 1005 solemnia

376 1056 459 1105 esse
487 1054 655 1126 coepere.
735 1026 853 1118 Cujus
878 1028 934 1099 rei
960 1052 1049 1101 cum
1084 1026 1184 1123 apud
1220 1052 1355 1101 omnes
1389 1027 1594 1123 scriptores
1628 1027 1940 1127 frequentissima
1977 1048 2132 1107 exstent

378 1130 629 1217 documenta,
656 1155 739 1205 non
766 1147 824 1211 est
848 1154 914 1202 cur
940 1130 1092 1228 singula
1119 1124 1332 1203 afferamus.
1412 1129 1527 1227 Quod
1560 1132 1830 1207 Romanorum
1854 1133 2083 1222 discrimen,
2109 1156 2135 1207 a·

376 1251 564 1309 terrarum
590 1234 669 1306 situ
695 1231 951 1327 depromtum,
979 1232 1096 1303 etiam
1123 1233 1170 1304 ad
1197 1234 1356 1317 Gothos,
1385 1232 1523 1328 quiin
1550 1250 1714 1331 utroque
1739 1234 1902 1330 imperio
1928 1236 2133 1311 versaban-

377 1354 461 1422 tur,
489 1338 717 1409 translatum
745 1351 829 1420 est,
858 1334 911 1405 ita
939 1351 982 1405 ut
1017 1334 1260 1429 Gothi„q11i
1295 1335 1397 1406 inter
1422 1336 1628 1428 ¹Romanos
1664 1337 1867 1411 orientales
1893 1335 2132 1424 habitabant,

379 1437 563 1511 aGothis
601 1438 643 1509 in
682 1437 791 1509 Italia
826 1452 864 1507 et
897 1437 1057 1531 posthac
1095 1436 1137 1508 in
1166 1437 1286 1507 Gallia
1313 1437 1576 1532 Hispaniaque
1602 1436 1851 1536 degentibus.
1890 1439 2133 1537 ostrogothi,-

377 1540 438 1617 illi
472 1556 600 1611 autem
638 1537 685 1610 ab
719 1537 779 1610 his
813 1538 1007 1635 Visigothi
1040 1537 1348 1611 nominarentur.
1427 1537 1551 1611 Primi
1587 1557 1716 1613 autem
1748 1542 1930 1613 videntur
1962 1541 2132 1630 Romani

377 1642 454 1715 hoc
480 1638 702 1714 discrimine
728 1641 771 1713 in
800 1638 936 1712 Gothis
962 1638 1215 1713 nominandis
1241 1638 1304 1711 usi
1329 1662 1430 1725 esse,
1466 1657 1666 1737 propterea
1705 1642 1811 1740 quod
1843 1641 1939 1715 aliae
1977 1666 2134 1741 quoque

380 1750 561 1841 gentes'a
588 1742 774 1815 Romanis
812 1742 854 1812 in
882 1740 1082 1814 orientales
1110 1760 1149 1813 et
1183 1740 1437 1815 occidentales
1472 1742 1811 1841 distinguerentur.
1875 1743 1984 1817 Galli
2013 1746 2132 1833 enim,

381 1846 450 1945 qui
478 1845 639 1917 Galliam
665 1842 821 1940 proprie
846 1843 902 1915 sic
928 1844 1069 1917 dictam
1095 1844 1363 1928 incoluerunt,
1399 1860 1445 1917 ut
1470 1846 1657 1931 alGallis,
1691 1844 1878 1944 Phrygiae
1903 1863 2051 1941 partem
2076 1862 2163 1919 ten

379 1942 564 2022 uentibus
600 1948 923 2033 discernerentur,
952 1946 1052 2017 Galli
1087 1946 1341 2019 occidentales
1369 1942 1551 2043 (Γαλάται
1580 1952 1612 2017 ol
1638 1951 1805 2044 ἑσπέριοι,
1835 1946 2049 2021 rolderici
2078 1951 2134 2021 du·
2214 1988 2217 1993 ·

382 2050 516 2145 αμικοὶ)
534 2047 839 2123 nominabantur
861 2044 908 2121 cf.
942 2052 1031 2121 Zos.
1052 2050 1115 2127 1v.
1137 2064 1199 2141 24.
1221 2048 1338 2121 Cand.
1358 2052 1476 2121 Isaur.
1508 2066 1548 2123 et
1564 2050 1826 2145 Theophanes.
1852 2046 2000 2145 (script.
2028 2050 2132 2125 Hist.

220 2152 224 2159 ’
322 2172 327 2181 ·
381 2156 474 2242 Byz.
489 2166 583 2223 tom.
604 2154 633 2223 I.
649 2172 686 2244 p.
705 2171 762 2237 ¹8·
776 2174 812 2245 p.
828 2152 944 2239 155.).
964 2149 1130 2244 Hispani
1148 2167 1289 2237 autem,
1307 2152 1375 2245 qui
1386 2150 1537 2223 Graecis
1547 2149 1683 2247 Ἴβηρες
1701 2152 1877 2253 audiunt,
1890 2168 1936 2223 ut
1953 2150 2001 2223 ab
2012 2150 2134 2225 iberis

383 2253 430 2325 ad
450 2249 659 2325 Caucasum
685 2250 947 2325 habitantibus
975 2251 1454 2351 disinguerentur,”1ssapes
1473 2252 1872 2450 ioriprordicgmtur.
1910 2256 2045 2349 Itaque
2060 2258 2135 2327 Go·

380 2352 460 2441 thi,
489 2378 577 2425 cum
603 2352 795 2447 prioribus
822 2353 1048 2427 nominibus
1076 2353 1126 2425 ob
1154 2380 1280 2428 rerum
1307 2354 1601 2427 conversionem
1635 2376 1697 2426 am
1836 2352 1896 2426 uti
1932 2378 2017 2427 nou
2041 2353 2133 2429 lice·

382 2471 462 2540 ret,
489 2454 566 2550 ipsi
591 2455 651 2527 his
677 2455 907 2529 nominibus
933 2454 1150 2529 utebantur.
1217 2458 1331 2555 Quod
1366 2456 1692 2553 ostrogothorum
1724 2480 1892 2541 nomen,
1926 2472 2134 2552 antequam

380 2555 595 2654 visigothi,
624 2556 692 2651 qni
718 2557 877 2650 posthac
903 2559 1147 2642 dicebantur,
1184 2560 1233 2631 ad
1266 2574 1391 2652 partes
1430 2558 1607 2629 occiduas
1633 2558 1856 2643 tenderent,
1893 2558 1998 2653 apud
2024 2560 2134 2633 Cleua

329 2716 331 2725 ,
381 2657 543 2731 alianum
570 2657 757 2742 occurrit,
782 2657 1010 2741 ⁴sententiae
1036 2658 1153 2726 modo
1192 2658 1363 2746 prolatae
1395 2656 1498 2726 haud
1531 2652 1668 2745 obstat.
1737 2657 1994 2731 Claudianum
2026 2660 2134 2733 enim

380 2758 424 2833 in
451 2759 582 2847 Italia,
610 2780 707 2857 quae
733 2758 781 2829 ad
816 2756 1022 2851 imperium
1058 2754 1265 2827 occiduum
1301 2753 1535 2847 pertinebat,
1571 2754 1716 2833 vixisse
1749 2774 1788 2828 et
1820 2757 2019 2853 scripsisse
2054 2784 2133 2835 cer·

380 2876 468 2934 tum
506 2876 576 2933 est.
654 2864 846 2954 Tempore
880 2876 1028 2936 autem,
1067 2878 1145 2950 quo
1189 2856 1422 2927 Claudianus
1456 2854 1721 2931 carminatur
1747 2856 1888 2944 edidit,
1916 2860 2133 2936 Gothorum

380 2984 568 3034 numerus
604 2958 813 3039 admodum
859 2980 1023 3056 magnus
1058 2957 1244 3029 Romanis
1288 2955 1594 3043 occidentalibus
1636 2959 1829 3055 stipendia
1865 2960 1970 3034 fecit.
2047 2962 2135 3037 Etsi

382 3060 636 3148 Taifalorum,
665 3061 733 3158 qui
758 3060 881 3155 priori
907 3077 1077 3154 tempore
1104 3058 1147 3130 in
1174 3059 1326 3131 Italiam
1352 3057 1518 3130 traducti
1543 3076 1672 3143 erent,
1700 3062 1850 3135 nullam
1874 3061 2052 3139 habueris
2077 3086 2135 3139 ta·
2252 3100 2257 3105 ·

380 3164 549 3249 tionem,
579 3186 695 3260 quam
729 3162 845 3234 multi
881 3162 1096 3233 Gothorum
1129 3159 1233 3232 inter
1267 3163 1465 3233 Romanos
1501 3162 1755 3235 occidentales
1787 3180 2053 3254 versarentur,
2087 3188 2136 3238 ex

370 3260 516 3339 ‘eodem
543 3260 754 3338 Claudiano
791 3260 839 3337 cf.
868 3268 949 3335 Get.
987 3283 1072 3353 531.
1100 3266 1152 3335 IV
1191 3267 1307 3336 Gons.
1343 3268 1493 3337 Honor.
1529 3280 1619 3355 435.
1645 3281 1685 3337 et
1710 3288 1732 3337 e
1756 3266 1917 3338 Zosimo
1945 3268 2027 3357 (V,
2055 3268 2133 3357 55)

379 3367 472 3441 licet
498 3366 706 3465 cognosci,
741 3366 809 3462 qui
844 3364 1110 3453 barbarorum,
1146 3364 1216 3461 qui
1248 3364 1474 3438 Stilichonis
1501 3364 1612 3463 signa
1637 3366 1912 3461 sequebantur,
1937 3368 2134 3465 usquead

380 3468 542 3568 triginta
568 3466 693 3539 millia
720 3465 841 3539 fuisse
867 3460 1007 3553 tradita
1045 3489 1186 3563 eosque
1223 3467 1390 3539 maxima
1412 3490 1464 3539 ex
1488 3483 1594 3563 parte
1621 3468 1774 3541 Gothici
1799 3468 1920 3543 fuisse
1943 3468 2132 3557 nominis,

379 3594 439 3644 res
457 3571 549 3666 ipsa
583 3568 642 3641 ibi
667 3586 816 3642 narrata
842 3566 964 3642 docet.
1034 3568 1112 3665 Qui
1151 3569 1268 3641 Gothi
1293 3592 1359 3641 eos
1386 3566 1621 3652 Gothorum,
1661 3568 1799 3665 quiin
1826 3570 1986 3645 orientis
2011 3572 2133 3667 impe·

379 3671 715 3759 riohabitabant,
743 3672 819 3745 alio
845 3666 1007 3743 nomine
1041 3668 1260 3763 deficiente,
1298 3672 1552 3769 Ostrogothus
1586 3671 1727 3744 dixere.
1799 3670 2033 3769 Claudianus
2067 3696 2133 3745 au·

379 3792 480 3861 tem,
509 3797 624 3872 quem
648 3797 749 3867 vera
764 3772 1087 3871 ostrogothorum
1113 3770 1289 3845 nominis
1317 3772 1549 3869 significatio
1574 3773 1710 3857 latuit,
1746 3774 1840 3846 certi
1874 3772 2037 3866 alicujus
2061 3796 2132 3870 po·

360 3876 466 3977 ,puli
491 3899 639 3949 nomeu
665 3900 746 3949 esse
780 3874 1020 3973 opinabatur.
1099 3878 1231 3971 Itaque
1264 3873 1413 3947 factum
1438 3890 1515 3963 est,
1550 3892 1596 3947 ut
1621 3877 1948 3975 ostrogothorum
1972 3892 2011 3951 et
2036 3880 2133 3951 Gru·

380 3979 622 4080 thungorum
645 3977 807 4055 nomina
834 3976 881 4071 ab
908 4002 954 4053 eo
981 3972 1322 4077 conjungerentur.

1195 4134 1331 4225 §.150

997 4282 1519 4393 DeoVisigotltis,

484 4452 678 4559 uagom
702 4452 735 4531 a
755 4432 972 4534 catam
993 4470 1103 4532 arnt
1127 4452 1392 4547 nomana,
1405 4456 1474 4557 qur
1498 4456 1544 4535 a
1568 4452 1680 4534 aaut
1705 4456 1860 4559 raptas
1875 4456 2136 4546 omanem,
