4800 5567
578 196 590 241 l

959 274 1029 377 ...Ι
1111 244 1164 320 21
1265 272 1320 295 .-

258 478 296 534 et
323 478 420 555 quae
447 455 493 531 de'
519 453 832 553 Theruingorum
862 446 995 535 ‚iebus
1014 446 1240 531 innotuere,
1275 450 1416 543 magna
1450 466 1499 517 ex
1533 460 1641 541 parte
1673 444 1813 517 horum
1836 444 2010 521 virorum

255 578 416 652 historia
444 576 721 671 continentur.
765 572 825 643 Ad
861 592 976 665 quarn
1011 590 1099 653 cum
1133 566 1177 637 in
1213 558 1398 659 sequente
1428 560 1692 660 disputatione
1717 566 1866 661 saepius
1892 568 2010 661 respi-

251 698 435 771 ciendum
486 694 558 779 sit,
588 694 776 787 quantum
803 688 852 762 ob
880 710 1005 759 rerum
1035 701 1228 784 gestarum
1253 682 1526 756 obscuritatem
1563 701 1601 757 et
1634 684 1866 781 scriptorum
1898 710 2010 779 repu-

253 815 456 915 gnantiam
484 810 575 903 fieri:
591 810 704 887 licet.
731 806 973 903 eam-paucis
1000 826 1170 877 enarrare
1198 802 1436 875 conabimur.

194 922 198 925 ⁸
307 988 332 996 1.
358 956 390 1006 r.
418 926 594 1004 Secundo
620 926 795 1002 Veientis
821 922 1070 1021 Imperatoris
1097 946 1199 995 anno
1236 924 1288 1012 (a.
1318 921 1648 1016 365)'Proc0pius
1680 947 1740 998 res
1765 945 1888 996 novas
1916 948 2008 997 cou-
2084 988 2090 1005 ,

251 1070 311 1125 tra
337 1056 610 1147 Imperatorem
637 1045 846 1117 moliturus
874 1042 921 1115 ad
955 1038 1101 1116 Gothos
1133 1048 1234 1115 Istro
1272 1040 1428 1113 vicinos
1466 1040 1700 1113 auxiliorum
1733 1042 2008 1139 comparando·

134 1162 141 1173 ’
253 1194 341 1245 rum
368 1193 482 1243 causa
508 1164 631 1241 misit.
685 1160 844 1249 Gothis,
880 1162 921 1233 id
947 1180 1023 1247 est,
1062 1158 1314 1258 Theruingis,
1348 1176 1435 1231 tum
1469 1160 1655 1254 temporis
1688 1160 1941 1239 Athanaricus
1968 1153 2005 1250 9)

250 1305 446 1387 praeerat,
481 1284 551 1381 qui
578 1296 722 1354 auctor
760 1278 912 1355 videtur
938 1279 1076 1365 fuisse,
1109 1297 1154 1351 ut
1191 1293 1374 1374 sequente
1399 1300 1524 1365 anno,
1558 1278 1748 1377 Procopio
1781 1277 1860 1369 jam
1887 1280 2008 1355 inter·

250 1403 554 1498 fecto,·aiiquot
582 1398 796 1499 Gothorum
823 1398 1024 1474 milliain
1061 1398 1242 1491 Procopii
1277 1396 1494 1471 subsidium
1519 1401 1663 1471 Istrum
1696 1399 1905 1479 transirent
1938 1399 2008 1493 qui

237 1546 273 1597 ‘a
297 1524 459 1594 Valente
486 1518 951 1593 circumventicustodiis
978 1516 1219 1589 tenebantur.
1285 1520 1420 1589 Exstat
1446 1517 1494 1589 de
1516 1515 1657 1588 horum
1683 1515 1852 1589 adventu
1876 1528 2013 1588 narras·

249 1642 310 1715 tio
336 1655 550 1711 memoratu
575 1632 803 1736 dignissima
838 1635 880 1709 in
907 1636 1143 1735 Fragmentis
1176 1634 1369 1731 Eunapii3
1407 1632 1456 1709 cf.
1490 1650 1681 1731 praetcrea
1715 1638 1844 1707 Amm.
1880 1638 2004 1707 Marc.

251 1762 483 1850 xxv11,4.
598 1786 604 1804 =
1978 1770 1982 1778 ·

258 1944 261 1954 .
354 1900 389 1949 a.
415 1872 628 1967 Iniuriam,
657 1898 772 1974 quara
799 1875 939 1949 Valens
966 1874 1042 1949 sibi
1067 1872 1251 1947 aGotbis
1284 1872 1427 1948 factam
1462 1873 1636 1971 putavit,
1669 1872 1823 1946 ulturus
1856 1871 1901 1945 in
1926 1874 2009 1950 bele

248 1998 334 2071 lum
361 2012 497 2067 contra
522 2016 608 2067 eos:
624 1992 833 2089 gerendum
874 1994 1162 2095 accingebatur,
1199 1994 1305 2090 quoti
1338 2017 1406 2089 per
1430 2010 1508 2067 tres
1535 1998 1661 2065 innoc
1688 1990 1800 2081 (inde
1826 1990 1875 2065 ab
1900 2014 2005 2067 antro

136 2144 139 2153 ·
250 2118 337 2203 367.
364 2136 486 2207 usque
513 2108 560 2183 ad
586 2132 734 2180 annum
765 2112 870 2207 369.)
899 2130 1049 2211 gestum
1088 2130 1165 2201 est,
1204 2111 1364 2210 qu'o'in
1399 2110 1501 2184 bello
1537 2111 1788 2209 Theruingos.
1816 2109 2005 2216 Romanis

248 2246 331 2301 tam
358 2226 666 2301 male'restitiaee
690 2226 774 2318 jure
799 2228 931 2333 mirari
966 2232 1185 2328 possumus.
1248 2234 1422 2303 Fortasse
1455 2228 1534 2321 jam
1566 2247 1662 2303 tanc
1697 2228 2006 2327 Theruingorum

248 2370 308 2423 res
324 2346 487 2421 internis
505 2340 677 2418 dissidiis
696 2345 960 2437 comminutae
976 2368 1094 2423 erant.
1112 2346 1160 2424 cf.
1181 2348 1229 2422 de
1253 2349 1329 2421 hoc
1353 2348 1457 2430 bello
1481 2349 1609 2421 Amm.
1636 2352 1756 2423 Marc.
1782 2348 1939 2433 xxvn,
1966 2365 2004 2438 4.

252 2508 259 2515 -
354 2486 388 2552 5.
416 2466 578 2538 Posthac
613 2462 867 2540 Athanaricus
902 2485 941 2541 et
973 2469 1241 2567 Fridigemus,
1276 2468 1590 2567 Theruingorum
1624 2454 1778 2554 duces.
1796 2464 2007 2539 domestica

163 2602 172 2609 ·
248 2583 395 2679 proelia
423 2599 730 2655 commoverunt.
785 2590 881 2656 Cum
908 2604 1033 2659 autem
1060 2587 1313 2684 Athanaricus
1339 2586 1516 2681 superior
1539 2585 1733 2674 eraderet,
1758 2584 2005 2682 fridigernus
2047 2607 2052 2617 ’

250 2722 272 2772 a
298 2701 479 2785 Valente,
501 2696 577 2792 qui
602 2697 664 2770 vel
691 2698 784 2766 odio
811 2698 1002 2771 athesin
1029 2695 1306 2765 Athanaricum
1342 2703 1526 2791 flagrabat
1550 2706 1615 2767 rel
1639 2702 1899 2791 promissione
1924 2698 2006 2769 Fri·

249 2814 420 2912 digami,
443 2800 490 2883 ‘se
516 2834 604 2883 cum
629 2810 708 2885 suis
736 2810 784 2883 sd
808 2812 1067 2886 Christianum
1092 2812 1214 2885 ritum
1240 2809 1506 2899 ruminatum,
1533 2812 1871 2901 commovebatur,
1898 2817 2006 2887 auxi-

244 2932 302 3003 lio
333 2926 485 3021 adjutus
513 2946 589 3015 est,
626 2928 766 3024 quibus
794 2930 1003 3027 imperium
1034 2930 1075 3004 in
1107 2933 1321 3005 Gothorum
1357 2948 1505 3029 partem
1529 2929 1683 3003 ridetur
1709 2931 1925 3007 retinuisse.
1953 2932 2002 3009 cf.

246 3054 350 3123 Soet.
370 3048 458 3119 hist
484 3072 561 3119 ecc.
579 3052 651 3123 tv.
681 3068 749 3133 27,
787 3046 895 3136 cujus
921 3052 1089 3121 narratio
1114 3050 1292 3146 proxime
1323 3051 1589 3131 severitatem
1623 3051 1797 3123 accedere
1829 3052 2002 3137 videtum
2063 3072 2093 3134 ¹.

186 3204 196 3217 -
244 3165 340 3235 huic
366 3162 528 3239 assentit
552 3166 703 3233 sozom.
733 3164 807 3245 VI,
837 3169 897 3249 36.
923 3167 1175 3261 Theophanes
1199 3195 1236 3265 p.
1264 3190 1324 3259 55.
1360 3168 1410 3240 'A
1427 3169 1621 3271 plerisque
1644 3169 1897 3266 scriptoribus
1916 3157 2002 3245 aliis

249 3298 422 3374 tempora
455 3296 494 3351 et
517 3302 577 3351 res
603 3295 728 3377 gestae
759 3276 1019 3355 invertuntur.
1719 3298 1724 3307 “

251 3442 258 3459 .
347 3416 387 3490 4.
402 3396 669 3471 Athanaricus
695 3414 823 3469 autem
849 3400 1003 3473 videtur
1030 3426 1092 3491 ea,
1129 3430 1227 3502 quae
1262 3423 1301 3479 et
1336 3407 1412 3479 sibi
1448 3426 1487 3481 et
1512 3410 1589 3482 toti
1614 3411 1723 3509 genti
1747 3412 1847 3483 mala
1874 3410 2001 3483 eveni-

244 3532 352 3602 rent,
379 3515 471 3587 inde
496 3516 714 3611 repetiisse.
742 3517 848 3613 quod
874 3521 990 3593 multi
1018 3524 1232 3596 Gothorum
1259 3526 1401 3598 relictis
1428 3526 1504 3599 diis
1529 3528 1666 3624 patriis
1692 3530 1740 3602 ad
1766 3528 2003 3603 Christiano·

243 3658 332 3707 rum
358 3655 460 3706 sacra
489 3634 746 3709 transiissent..
794 3640 967 3714 Fortasse
992 3646 1108 3715 etiam
1136 3666 1157 3715 e
1184 3644 1437 3732 commercio,
1475 3648 1582 3743 quod
1613 3648 1714 3721 inter
1739 3652 1936 3723 Romanos
1963 3666 2001 3721 et

243 3752 392 3828 Gothos
420 3751 657 3827 Christianos
683 3757 963 3848 intercedebat,
1000 3760 1192 3837 universis
1220 3763 1446 3836 Gothorum
1469 3766 1586 3839 rebus
1610 3768 1815 3841 metuebat.
1865 3774 2001 3867 Itaque

244 3904 479 3925 —n--n-h

328 3970 366 4055 9)
389 3971 605 4039 Athanaricus
621 3979 661 4041 ab
675 3982 882 4068 Hieronymo
906 3982 940 4046 in
956 3982 1079 4047 Chron.
1166 3986 1289 4070 scripta
1311 4000 1397 4050 esset
1426 3984 1556 4050 finibus·
1600 3986 1773 4073 Ejusmodi
1801 3994 2022 4075 populorum'

142 4166 163 4186 ᾖ
198 4104 210 4125 .
243 4088 316 4139 eta
349 4074 513 4138 lornande
542 4099 602 4139 rex
632 4080 773 4163 dicitur,
805 4082 993 4149 Ammianus
1024 4108 1080 4149 au·
1161 4088 1290 4175 iudices
1321 4090 1361 4150 ab
1392 4084 1564 4153 Aminiam
1595 4094 1727 4177 saepius
1746 4114 2001 4159 commemoran-

243 4190 327 4251 tem,
351 4176 405 4237 cui
426 4196 477 4240 res
495 4194 604 4264 gestae
619 4186 744 4269 optime
758 4190 867 4251 solent
882 4203 980 4251 notae
996 4208 1076 4267 esse,
1164 4204 1228 4253 tur.
1252 4192 1294 4254 cf.
1319 4190 1432 4268 xvu,
1456 4207 1495 4271 ¹3
1519 4207 1553 4255 et
1573 4193 1669 4269 XXI,
1693 4212 1733 4257 s:
1754 4192 1849 4257 Alani
1872 4194 1999 4281 judices

243 4296 316 4338 eum
345 4275 486 4360 judicem
515 4296 642 4353 tantum
674 4286 938 4377 Theruingorum
960 4304 1077 4375 poten·
1163 4294 1263 4355 etiam
1284 4316 1371 4356 nunc
1394 4293 1544 4383 eligunt,
1574 4294 1732 4363 diuturno
1763 4296 1907 4363 bellandi
1935 4318 1996 4359 usu
2051 4302 2057 4312 ⁴

243 4376 403 4439 tissimum
426 4384 592 4453 nominat.
624 4388 782 4467 fortasse,
815 4390 903 4475 quod
932 4406 1077 4477 potestas
1162 4409 1337 4481 spectatos.

245 4482 316 4562 05⁰⁸
344 4478 379 4539 5¹²
408 4488 565 4571 Populum
597 4510 692 4553 suum
724 4492 918 4561 arctioribus
941 4494 1077 4559 circum·
1366 4506 1369 4511 ·
