4800 5567
1062 125 1582 279 .-u-'

416 396 539 468 thicas
565 372 826 465 numerantur.
856 383 908 481 ¹⁰)
938 384 1007 463 'In
1033 384 1149 482 hujus
1176 390 1302 491 gentis
1322 390 1478 467 sedibus
1497 396 1779 497 antiquissimis
1793 403 2054 509 designandis,
2081 438 2170 489 cum

418 514 524 588 aliud
550 508 816 585 testimonium
844 534 927 583 nou
954 526 1096 597 exstet,
1132 509 1366 619 Jornandqm
1404 536 1609 613 sequamur
1643 544 1799 599 necesse
1824 545 1901 617 est,
1938 530 2007 627 qui
2032 558 2097 609 eos
2122 534 2166 607 in
2211 568 2218 581 .

416 634 543 735 insula
569 630 741 705 vistulae
768 630 891 715 amnis
918 628 1026 703 vadis
1054 628 1260 703 cirumacta
1285 630 1475 707 habitasse
1500 637 1627 710 tradit.
1688 645 1853 719 Posthac
1887 659 2083 725 unacum
2110 676 2169 727 re·

413 751 534 847 liquis
562 748 697 822 Gothis
725 748 884 845 propius
913 746 960 819 ad
987 747 1188 822 orientales
1217 754 1393 847 Europae
1412 770 1555 827 tractus
1583 760 1785 835 accessisse
1811 781 1850 837 et
1866 769 2025 841 terrasi
2049 770 2169 844 Dacia

415 871 650 967 Aquilonem
680 892 811 943 versus
837 868 928 939 sitas
954 865 1139 940 videntur
1161 870 1343 943 tenuisse.
1397 870 1457 943 Ibi
1486 897 1574 945 cum
1598 875 1701 949 inter
1719 880 1881 977 Gepidas
1901 903 1940 957 et
1961 886 2077 959 aliam
2094 892 2168 961 (ιο.

411 990 570 1063 thorum
594 1004 761 1085 partem,
800 986 939 1082 quibus
965 989 1196 1085 ostrogotha
1230 1007 1424 1063 rexerat.
1460 990 1607 1065 bellum
1633 1014 1733 1069 esset
1761 1019 1960 1089 exortum,
1999 1004 2167 1099 Gepidae

412 1106 510 1183 victi
535 1104 736 1207 fugatique
767 1122 868 1179 sunt.
898 1102 947 1179 cf.
974 1111 1082 1186 J'orn.
1111 1130 1142 1179 c.
1173 1129 1232 1196 17.
1293 1106 1441 1205 Quibus
1472 1134 1561 1183 cum
1585 1110 1700 1187 rebus
1730 1118 1847 1214 gestis
1879 1122 2048 1195 namsia)
2081 1127 2167 1199 Ma.

383 1225 571 1299 ‘mertini
595 1226 746 1339 videtur
777 1224 1005 1305 convenire,
1035 1225 1102 1321 qui
1132 1226 1325 1316 (Genethl.
1357 1228 1519 1302 Mairim.
1546 1254 1578 1303 c.
1608 1233 1691 1323 17.)
1719 1236 1959 1335 Theruingos
1978 1257 2018 1313 et
2037 1240 2167 1315 Talis·
2217 1243 2224 1262 ⁸

411 1348 472 1417 los
517 1348 650 1417 contra
689 1345 879 1418 Vandalus
915 1341 1163 1439 Gypedesque
1183 1368 1360 1443 pugnasc
1385 1346 1526 1431 tradit3
1561 1373 1795 1446 quamquam
1825 1354 1936 1428 enim
1965 1361 2165 1435 Mamerti·

350 1454 357 1475 ⁴
408 1488 483 1535 nus
510 1486 594 1536 non
622 1463 656 1535 is
681 1477 739 1536 est
764 1464 948 1559 scriptor,
989 1462 1051 1534 cui
1094 1464 1243 1562 integra
1271 1463 1364 1537 lides
1402 1464 1457 1539 sit
1480 1465 1675 1553 habenda,
1713 1485 1843 1543 tamen
1868 1495 2044 1570 tempus,
2083 1502 2162 1575 quo
2217 1468 2222 1473 ⁴

407 1582 562 1678 scripsit
589 1584 667 1673 (an.
699 1582 791 1677 ⁹92)
819 1580 1027 1654 admodum
1054 1606 1140 1653 cum
1169 1606 1209 1653 re
1238 1585 1487 1663 aJornande
1518 1602 1669 1656 narrata
1687 1588 1883 1659 convenit.
1935 1597 2029 1666 Post
2050 1601 2161 1671 Han,

406 1724 550 1774 norum
576 1701 623 1775 de
649 1700 783 1774 Gothis
816 1700 999 1773 victorias
1029 1698 1192 1796 Gepidae
1217 1700 1375 1774 illorum
1404 1702 1661 1796 sequebantur
1692 1726 1817 1782 arma,
1848 1703 1905 1780 ita
1931 1722 2087 1795 tamen,
2115 1731 2161 1785 ut

404 1820 573 1916 propriis
610 1835 807 1891 uterentur
830 1817 996 1917 regibus.
1048 1820 1166 1891 Attila
1187 1819 1230 1891 in
1249 1824 1416 1893 Hunnos
1444 1818 1670 1895 dominante
1692 1820 1897 1895 Ardaricus
1924 1824 2160 1919 Gepidarum

402 1936 481 2010 fuit
505 1952 582 2010 rex.
638 1943 879 2035 Quamquam
902 1928 1027 2011 autem
1054 1936 1099 2010 ab
1119 1935 1240 2011 Attila
1266 1960 1388 2033 paene
1409 1936 1524 2009 amici
1548 1938 1639 2011 loco
1667 1936 1942 2013 haberetur'cf.
1961 1946 2069 2021 Jom.
2091 1962 2154 2033 38,

403 2073 533 2126 tamen
551 2054 668 2127 Attila
682 2074 837 2129 mortuo
851 2058 999 2153 primus
1019 2056 1062 2131 in
1080 2055 1161 2149 ejus
1180 2056 1282 2130 filios
1295 2080 1398 2129 arma
1415 2055 1543 2129 movit
1559 2074 1598 2128 ct
1612 2055 1776 2128 victoria
1784 2054 1832 2128 de
1849 2060 2007 2131 Hunnis
2026 2084 2157 2153 repor-

402 2192 478 2245 tata
506 2173 654 2269 potitus
672 2175 843 2263 Daciam,
871 2183 1106 2251 Hunnorum
1124 2175 1242 2249 modo
1260 2178 1400 2263 sedem,
1429 2174 1539 2274 genti
1553 2162 1918 2247 suaeincolendam
1943 2173 2154 2267 sumsit¹¹)

403 2290 471 2379 (of.
507 2296 613 2372 Jorn.
643 2295 710 2384 50)
784 2300 867 2392 Qua
893 2297 935 2369 in
965 2314 1062 2369 terra
1096 2320 1183 2370 cum
1213 2316 1272 2369 res
1308 2294 1540 2390 Gepidarum
1573 2289 1782 2364 admodum
1818 2290 2020 2373 florerent,
2063 2294 2156 2369 inde
2185 2378 2200 2391 ,

288 2502 293 2507 ·
401 2410 641 2483 aMarciano
675 2418 909 2511 Imperatore
948 2414 1136 2511 usquead
1161 2414 1429 2495 Justinianum
1457 2432 1593 2483 annua
1627 2409 1731 2481 dona
1749 2432 1771 2480 a
1787 2412 1975 2483 Romanis
2002 2434 2153 2508 accepe-

309 2536 311 2541 ’
399 2546 494 2601 runt
516 2530 641 2627 iisque
664 2532 814 2628 saepius
831 2534 975 2605 auxilia
999 2533 1198 2603 miserunt.
1253 2527 1496 2605 Theoderico
1514 2527 1842 2621 ostrogothorum
1868 2548 1958 2625 rege
1981 2528 2176 2617 mortuo,

340 2654 353 2747 J
399 2648 567 2718 Romani
594 2668 676 2717 eam
700 2652 840 2715 Daciae
864 2656 901 2714 et
927 2648 1155 2713 Pannoniae·
1176 2642 1613 2732 partemyqrrcoillius·
1634 2638 1961 2737 fuerat'impcrii.
1998 2654 2154 2742 recupe-

397 2784 543 2837 rarunt.
568 2848 570 2853 ¹
596 2764 647 2835 At
672 2785 763 2834 cum
786 2760 954 2833 Romani
979 2758 1065 2829 aliis
1090 2756 1201 2829 bellis
1229 2754 1546 2839 distraherentur,
1584 2754 1749 2849 Gepidae
1775 2759 2006 2831 Danubium
2032 2778 2155 2837 trans·

398 2884 520 2982 gressi
544 2906 658 2981 agros
689 2882 786 2953 circa
816 2877 1000 2954 Sinnium
1026 2875 1121 2947 sitos
1148 2888 1446 2965 occupaverunt.
1500 2868 1649 2967 Quibus
1675 2870 1788 2946 factis
1810 2874 1975 2971 Gepidae
1994 2894 2033 2951 et
2049 2885 2153 2953 Lan·

397 2999 579 3100 gabardi,
617 2998 688 3097 qui
720 3002 988 3071 Romanorum
1013 2992 1205 3089 permissu
1235 2990 1474 3062 Pannoniam
1508 3006 1690 3077 tenuere,
1717 3014 1813 3065 mox
1836 2993 1880 3064 in
1907 2994 2151 3091 gravissimas

396 3134 618 3193 exarserunt
651 3116 898 3201 inimicitias,
935 3134 1100 3209 quarum
1138 3105 1390 3205 postremos
1425 3106 1660 3205 praeliorum
1698 3127 1857 3184 eventus
1893 3108 1972 3184 fuit
2009 3114 2147 3201 exitus,

394 3255 440 3309 ut
476 3235 708 3330 Gepidarum
743 3256 801 3307 res
839 3228 1170 3329 a'Lnngobardis,
1213 3226 1385 3302 Alboino
1421 3224 1516 3297 duce
1553 3242 1592 3297 et
1627 3225 1816 3300 Avaribus
1853 3228 2167 3318 auxiliantibus,

388 3352 575 3429 funditus
614 3370 882 3427 everterentur.
948 3347 1179 3445 Gepidarum
1212 3344 1397 3441 reliquiae
1430 3342 1574 3434 partim
1599 3343 1811 3418 victoribus
1847 3368 1928 3415 sese
1962 3344 2146 3436 adjunxe-

392 3490 506 3560 runt,
549 3472 691 3568 partim
718 3472 765 3545 ad
798 3472 994 3543 Romanos
1022 3463 1304 3567 confugerunt,
1348 3486 1427 3560 quo
1454 3458 1601 3536 factum
1636 3478 1717 3551 est,
1743 3478 1789 3534 ut
1815 3460 2048 3559 Gepidarum
2071 3486 2144 3537 no·

391 3614 481 3665 men
509 3592 642 3685 paullo
668 3608 758 3688 post
782 3589 967 3662 interiret.

495 3706 659 3811 Gepidae
686 3734 882 3789 armorum
908 3704 1093 3809 gravitate
1120 3718 1158 3777 et
1183 3698 1333 3803 ingenii
1359 3699 1525 3798 quadam
1551 3698 1728 3775 tarditate
1753 3698 1928 3808 insignes
1954 3698 2062 3774 fuere
2090 3698 2139 3777 cf.

391 4110 399 4126 ι
476 4032 532 4109 ιο)
555 4034 787 4100 Narrationem
818 4031 993 4102 Jornandis
1016 4028 1056 4092 de
1080 4024 1221 4113 Gepida·
1393 4023 1451 4096 11)
1475 4022 1587 4101 Sedes,
1610 4044 1691 4111 quas
1713 4022 1861 4107 Gepidaa
1883 4021 1918 4083 in
1940 4023 2047 4087 Dacia
2069 4024 2143 4089 Jor-

387 4158 456 4196 rum
480 4138 623 4199 nominis
657 4140 786 4225 origine
816 4136 947 4200 serioris
970 4132 1127 4216 temporit
1150 4150 1221 4192 esse
1307 4124 1422 4191 nandis
1445 4143 1592 4211 tempore
1624 4140 1779 4205 tenuere,
1812 4122 1938 4188 abhoc
1961 4125 2068 4209 capite
2091 4140 2143 4187 uu.

253 4276 266 4301 ι
388 4255 625 4313 commentum,
649 4262 699 4302 res
722 4243 791 4325 ipsa
809 4239 915 4303 docet.
951 4234 1148 4321 Gepidarum
1162 4252 1222 4295 no·
1308 4227 1544 4293 describuntur.

387 4360 480 4427 ιιιςιι,
513 4361 577 4427 quo
603 4342 749 4426 Gepidae
773 4343 838 4425 ipsi
861 4340 913 4402 usi
934 4352 1031 4413 sunt,
1067 4335 1106 4398 ab
1130 4348 1222 4397 exte·

384 4444 428 4501 ris
452 4426 493 4502 et*
508 4446 690 4531 peregrinis
713 4446 747 4507 in
769 4442 947 4506 ludibrium
964 4460 1090 4505 versum
1112 4451 1173 4499 est.
