4800 5567
989 66 1428 167 .-³0-··

372 285 476 361 enim
505 274 606 375 apud
632 272 828 368 Ulphilam
856 270 894 343 e't
929 270 1158 367 oppidulum
1191 276 1397 351 moenibus
1431 284 1521 353 non'
1552 281 1725 356 cinctum
1759 303 1798 358 et
1822 286 2035 383 sapientem
2060 288 2123 361 de·
2179 332 2238 349 --

373 389 519 485 signat,
546 382 599 453 ita
626 394 670 449 ut
695 374 992 474 Visegothornm
1019 397 1162 445 nomen
1190 379 1253 448 vel
1280 381 1426 453 Gothos
1453 382 1498 453 in
1523 384 1619 456 vicis
1647 386 1870 461 habitantes
1887 392 1949 462 vel
1975 391 2123 463 Gotth

375 487 563 583 sapientes
591 477 804 578 significet,
842 500 936 572 quae
961 476 1068 570 prior
1095 476 1327 576 significatio
1362 486 1405 555 in
1434 487 1581 557 Gothos
1617 488 1746 561 cadere
1772 508 1922 584 posset,
1950 492 2019 588 qui
2045 496 2123 565 nn·

375 591 475 663 ciam
501 610 520 655 a
548 581 732 656 Romanis
759 581 932 651 relictam
958 596 1134 663 tenuere;
1172 577 1354 677 quicum
1389 585 1433 656 in
1462 587 1617 682 oppidis
1654 610 1693 662 et
1725 592 1822 665 vicis
1856 597 2125 666 Romanorum

373 691 614 773 habitarent,
642 682 758 755 facile
782 681 862 754 lieri
887 680 1037 775 potuit,
1065 699 1110 751 ut
1135 706 1156 753 a
1182 679 1342 782 reliquis
1369 689 1505 761 Gothis
1532 692 1650 763 Gothi
1684 695 1726 765 in
1761 696 1858 765 vicis
1893 696 2123 780 habitantes,

373 797 549 891 ipsorum
574 810 750 864 sermone
776 781 1233 881 Vesegothi'dicerentur.
1284 791 1337 861 At
1362 786 1554 881 eiusmodi
1581 795 1772 866 sententia
1791 821 1874 867 non
1892 786 2011 870 modo'
2030 820 2125 894 quod

373 894 435 971 vis
462 889 689 965 testimonio
724 904 842 970 caret,
887 886 952 957 aed
988 891 1135 973 nomen
1171 889 1286 961 etiam
1321 893 1369 964 ad
1406 908 1553 965 certum
1587 904 1739 969 tantum
1775 898 1935 994 aliquod
1959 918 2148 995 tempus·-

374 1020 452 1093 quo
487 992 779 1091 Visigothorum
814 1012 959 1060 nomen
994 989 1170 1061 nondum
1206 992 1362 1063 videtur
1394 1013 1531 1067 natum
1565 994 1703 1085 fuisse,
1745 997 1987 1072 referendum
2013 1019 2123 1075 esset.

372 1096 550 1181 Accedit,
579 1091 700 1189 quod,
729 1114 825 1187 quae
843 1090 1165 1187 Ostrogothorum
1191 1095 1299 1166 vocis
1326 1094 1445 1169 fuerit
1468 1099 1543 1184 vis,
1569 1101 1661 1172 inde
1680 1102 1844 1173 minime
1858 1104 2001 1198 „liquet
2052 1108 2129 1175 Itaa

374 1224 449 1296 que
476 1197 619 1271 adalia
648 1192 917 1289 confugiamus
945 1189 1113 1264 subsidia
1140 1218 1293 1267 necesse
1319 1216 1387 1270 est.
1440 1200 1617 1295 Plerique
1643 1204 1801 1299 quidem
1818 1206 2128 1300 scriptorea,·qui

371 1302 433 1374 his
460 1298 685 1371 nominibus
698 1314 894 1379 -utuntur,
929 1290 977 1365 de
1002 1318 1135 1366 eorum
1162 1296 1448 1395 significatione
1481 1303 1583 1373 nihil
1616 1305 1784 1377 tradunt.
1837 1306 2007 1405 Quidam
2032 1331 2129 1381 vero

372 1405 415 1475 in
443 1424 488 1473 eo
516 1400 696 1473 videntur
722 1397 953 1481 convenire,
990 1396 1081 1467 haec
1118 1400 1281 1471 nomina
1307 1402 1491 1473 Gothicae
1526 1428 1606 1476 esse
1633 1406 1799 1503 originis
1823 1412 1864 1478 'et
1889 1433 1911 1479 a
1937 1427 2127 1483 terrarum

373 1506 452 1577 situ
478 1500 688 1598 depromta.
749 1498 983 1583 Jornandes,
1022 1499 1089 1592 qui
1125 1501 1278 1573 Gothici
1312 1505 1502 1577 sermonis
1538 1529 1681 1602 gnarus
1717 1531 1797 1579 esse
1832 1506 2015 1595 debebat,
2043 1512 2127 1606 ipse

373 1604 531 1703 quidem
558 1602 697 1675 dubius
724 1618 800 1686 est,
827 1598 1092 1693 acceperintne
1119 1604 1342 1702 ostrogothi
1368 1628 1511 1678 nomen
1540 1630 1561 1677 a
1587 1608 1743 1679 sedibus
1771 1608 2048 1693 orientalibus,
2075 1636 2126 1685 an

374 1708 420 1779 ab
449 1704 680 1810 ostrogotha
706 1727 793 1801 rege
821 1700 886 1799 (cf.
913 1726 945 1773 c.
977 1703 1213 1795 14),tamen
1240 1730 1288 1777 ex
1308 1708 1394 1803 *hoc*
1411 1710 1500 1781 loco
1528 1710 1783 1807 Ostrogothos
1807 1711 2001 1781 nomena
2028 1709 2126 1782 sedi·
2172 1748 2175 1755 ·

373 1811 446 1881 bus
475 1808 620 1879 trahere
646 1806 818 1901 potuisse
843 1801 1025 1899 sequitur.
1078 1811 1227 1878 Praeter
1253 1832 1388 1881 omnes
1414 1811 1555 1882 Paulus
1592 1812 1778 1882 henrilius
1814 1810 2028 1899 (derebus
2064 1835 2125 1908 ge-

375 1911 451 1982 stis·
466 1909 702 1980 Francorum
729 1912 759 1977 1.
786 1905 855 1978 fol.
883 1908 927 1995 4)
956 1906 1065 1979 claris
1092 1908 1222 2003 prodit
1247 1912 1387 1990 verbis.
1416 1913 1671 2011 Ostrogothus
1697 1914 1871 2006 ipsorum
1898 1912 2033 2009 lingua
2052 1918 2127 1984 Go-

372 2012 461 2082 thos
489 2010 693 2081 orientales
720 2024 757 2078 et
784 2007 1004 2106 visigothos
1040 2012 1184 2085 Gothos
1221 2012 1476 2086 occidentales
1510 2012 1734 2112 significare.
1802 2018 1853 2083 Et
1877 2038 1918 2083 re
1952 2038 2042 2083 vera
2078 2037 2128 2085 ex

375 2110 946 2206 antiquissimaoermanorum
972 2111 1105 2210 lingua
1131 2115 1296 2185 nomina
1316 2115 1389 2187 *illa
1427 2139 1584 2188 sensum
1612 2116 1658 2185 ab
1685 2113 1853 2185 Aemilio
1881 2114 2128 2212 designatum

371 2214 553 2311 produnt.
607 2216 748 2292 Vocem
774 2216 917 2285 Austur
942 2214 1006 2297 id,
1036 2217 1140 2310 quod
1168 2217 1365 2288 Orientem
1391 2240 1526 2290 uersus
1552 2233 1629 2303 est,
1664 2214 1918 2313 significasse,
1946 2220 1974 2287 e·
1991 2217 2128 2310 priscis

372 2314 533 2389 vocibus
553 2314 771 2400 Austurike,
790 2316 996 2387 Austruaat
1010 2318 1195 2415 cognosci
1212 2320 1312 2402 licet,
1328 2341 1426 2414 quae
1441 2319 1599 2389 Barthio
1617 2336 1713 2389 teste
1726 2316 2030 2405 (Deutschiandt
2054 2322 2127 2392 Urs

371 2414 584 2517 geschichte
615 2419 677 2501 Χ,
709 2440 740 2489 1.
770 2416 839 2489 Rd.
867 2440 905 2509 p.
937 2422 1027 2507 152)
1055 2436 1192 2488 terram
1218 2420 1409 2495 orientem
1434 2444 1567 2491 versus
1594 2421 1706 2490 sitam
1733 2436 1774 2489 et
1797 2417 1894 2490 lines
1923 2418 2129 2491 orientales

374 2520 572 2591 denotant.
625 2516 731 2589 Idem
751 2540 885 2605 sensus
913 2518 1016 2589 inest
1035 2518 1196 2601 vocibus
1214 2520 1445 2607 Austurweg
1471 2536 1509 2588 et
1527 2519 1740 2597 Eistarsalt,
1768 2542 1865 2607 quae
1891 2537 1983 2587 sunt
2008 2520 2125 2593 maris

375 2616 613 2702 Germanici,
641 2614 817 2711 quamvis
844 2612 1044 2707 antiquae,
1072 2628 1308 2683 tamennon
1345 2612 1525 2684 insolitae
1552 2614 1837 2708 appellationes.
1902 2623 1957 2689 Ist
1984 2636 2123 2704 autem,

285 2717 287 2726 ’
374 2720 507 2793 eodem
534 2718 620 2791 viro
648 2714 875 2787 doctissimo
901 2730 1019 2798 teste,
1059 2710 1331 2805 antiquissimo
1366 2719 1644 2795 Germanorum
1671 2739 1849 2787 sermone
1877 2718 2124 2791 Occidentem

373 2823 530 2915 indicat.
586 2808 691 2911 Quae
716 2806 814 2897 *cum
840 2814 892 2885 ita
931 2813 1028 2897 sint,
1056 2813 1218 2883 nomina
1245 2813 1312 2885 illa
1340 2813 1441 2909 apud
1468 2816 1615 2889 Gothos
1643 2817 1749 2912 ipsos
1776 2820 2061 2917 Austurgothos
2088 2838 2127 2891 et
2209 2846 2213 2855 ·

374 2916 804 3015 Ist·seu'Wistgothos
832 2914 1023 2987 audivisse
1060 2912 1271 2986 verisimile
1306 2934 1383 3003 est,
1412 2941 1432 2989 a
1459 2918 1610 2989 Graecis
1649 2936 1778 2989 autem
1804 2935 1843 2991 et
1868 2920 2052 2994 Romanis
2079 2921 2127 2994 ad

375 3023 566 3100 sermonis
594 3022 655 3093 sui
683 3018 883 3089 lenitatem
910 3012 1169 3091 flectebantur.
1201 3010 1252 3109 ¹⁷)
1938 3046 1943 3055 ·
2124 3043 2129 3057 ·

1194 3192 1304 3279 ha·
1393 3214 1396 3220 ’

454 3351 517 3419 De
544 3342 661 3414 variis
694 3340 901 3425 sententiis,
938 3362 1035 3436 quoe
1071 3338 1116 3411 de
1142 3340 1293 3411 illorum
1319 3344 1512 3413 rwrninum
1532 3335 1688 3449 ,origiue
1710 3334 1983 3442 proferuntur,
2009 3343 2047 3411 in
2125 3410 2129 3417 ,

941 3464 950 3511 f
1014 3460 1228 3533 universum
1249 3459 1486 3561 disputatur.
2028 3446 2032 3453 ¹

479 3629 802 3729 ostrogothorum
829 3644 867 3701 et
892 3626 1185 3727 visigothorum
1208 3628 1372 3699 nomina
1398 3651 1420 3700 a
1446 3646 1631 3704 terrarum
1664 3628 1745 3702 situ
1770 3652 1852 3704 esse
1877 3646 2030 3716 exorta,
2058 3630 2131 3704 vire

377 3804 578 3825 *—

465 3904 518 3975 17)
534 3903 716 3965 Occasione
730 3900 803 3963 data
814 3898 1136 3985 qdaedamdaipains
1150 3920 1208 3961 uo·
1232 3892 1238 3899 ⁵
1291 3922 1362 3962 rum
1385 3902 1496 3987 lingua
1518 3902 1623 3965 fortas
1642 3900 1828 3986 significare
1854 3899 1976 3972 tradita
2014 3902 2126 3985 itaque

377 3991 473 4049 ruinis
493 3986 628 4049 Gothici
650 3986 891 4072 significatione
914 3986 1077 4049 addamus.
1102 3987 1207 4135 guam
1294 3986 1487 4049 Gothorum.
1507 4008 1627 4049 nomen
1657 3988 1780 4069 optime
1804 3987 1961 4048 convenit
1981 3987 2125 4048 virorum

376 4078 496 4135 multae
520 4088 552 4134 et
573 4070 719 4133 diversae
742 4094 759 4133 a
782 4074 862 4135 viria
893 4070 999 4135 doctis
1028 4071 1088 4133 hac
1133 4092 1209 4133 ere
1293 4073 1430 4135 fortium
1453 4073 1698 4154 conjunctioni,
1736 4072 1794 4153 qui
1822 4070 1927 4133 laudis
1958 4070 2070 4153 cupidi
2092 4086 2126 4132 et

279 4206 284 4219 .
375 4164 520 4243 prolatae
543 4158 610 4219 sint
633 4158 828 4231 sententiae,
851 4146 945 4219 hdud
963 4158 1069 4240 ignari
1087 4178 1209 4222 tumus·
1294 4158 1429 4230 uirtutis
1450 4178 1529 4219 suae
1548 4156 1612 4218 sibi
1631 4157 1755 4219 conscii
1773 4159 1905 4218 nomine
1920 4178 2050 4241 quoque
2067 4155 2126 4216 ho·

255 4236 263 4256 '¹
374 4244 513 4305 Videtur
536 4257 642 4303 autem
666 4258 791 4324 praeter
809 4244 890 4305 alios
908 4242 1055 4307 Isidorus
1079 4242 1215 4323 Hispal..
1295 4242 1434 4311 notifico
1456 4240 1607 4329 gaudent.
1664 4280 1670 4287 ·

376 4326 563 4414 probandus
587 4348 676 4404 esee,
701 4328 759 4413 qui
778 4326 964 4393 Gothorum
985 4348 1104 4391 nomen
1127 4328 1198 4413 ipso

1150 4596 1155 4635 l
