4800 5567
782 828 1512 1037 rn'aunounuun.
1589 1014 1597 1025 .
1914 894 2023 1042 ᾧ..

1047 1073 1253 1099 ann—u—

269 1282 347 1465 Si
376 1369 622 1495 unicuique
634 1428 647 1473 ,
689 1366 769 1479 qni
808 1347 1045 1451 Germania
1074 1354 1239 1475 gaudet
1268 1361 1437 1477 patria,
1469 1340 1527 1445 'et
1565 1356 1934 1465 jucundissimum
1978 1382 2023 1450 et

266 1512 557 1629 utilissimum
589 1512 680 1621 esse
697 1512 702 1521 ¹
721 1532 879 1640 debet,
924 1538 1017 1638 ejus
1054 1508 1370 1645 antiquitatem
1409 1534 1707 1647 pervestigare
1750 1550 1796 1615 et
1835 1535 2024 1619 virtutes
2144 1576 2160 1654 '.

267 1676 463 1821 insignes
502 1668 659 1862 resque
698 1702 923 1819 praeclare
971 1718 1113 1814 gestas
1153 1704 1373 1806 majorum
1410 1717 1670 1785 nostrorum
1712 1682 2022 1819 contemplari,

266 1881 362 1961 sine
403 1872 544 1961 dubio
577 1870 720 1959 haud
770 1876 937 1959 minori
990 1902 1093 1955 cum
1145 1870 1298 1955 fructu
1346 1887 1393 1957 et
1442 1869 1677 2011 voluptate
1733 1877 1826 1976 ejus
1880 1872 2024 1985 gentis

264 2008 510 2159 originem,
541 2072 610 2128 res
642 2058 784 2152 gestas
815 2059 862 2124 et
890 2068 1037 2124 mores
1068 2068 1412 2152 cognoscemus,
1457 2065 1572 2153 quae
1612 2068 1709 2125 non
1749 2038 1903 2125 modo
1930 2040 2029 2124 illa-¹

265 2244 366 2299 rum
405 2215 627 2295 virtutum
667 2208 793 2294 nulla
832 2211 1002 2313 caruit,
1045 2206 1122 2292 sed
1159 2210 1297 2293 etiam
1338 2206 1471 2295 rebus
1512 2206 1693 2295 fortiter
1733 2214 1867 2323 gestis
1908 2214 2026 2295 inter

268 2392 421 2469 omnes
451 2364 643 2493 reliquas
676 2378 938 2465 Germaniae
968 2396 1120 2490 gentes
1133 2358 1388 2483 excelluit,
1416 2409 1532 2492 quae
1552 2383 1702 2497 prima,
1713 2380 2026 2465 Romanorum

267 2529 335 2635 res
367 2579 462 2643 non
490 2546 626 2633 modo
653 2548 811 2660 fregit,
844 2545 920 2632 sed
951 2552 1137 2632 omuino
1170 2551 1332 2659 evertit
1353 2567 1399 2634 et
1423 2579 1536 2663 quae
1559 2550 1749 2662 gloriam
1772 2548 2027 2634 Germanici

265 2696 461 2803 mominis
491 2745 634 2829 usque
665 2716 722 2800 ad
750 2718 1205 2791 Pontum'Euaiuum
1235 2716 1785 2815 fretumquo'Gaditanuln
1805 2711 2023 2797 dilatavit.

265 2883 334 2971 Re
354 2858 457 2969 ver'a
472 2844 652 2983 “60th
683 2874 739 2960 de
770 2864 965 2988 qnorum
983 2872 1192 2957 laudibus
1213 2875 1371 2985 agitur,
1404 2872 1611 2959 omuibus
1635 2874 1909 2963 ornabantur
1939 2884 2024 2965 vir·

264 3026 466 3156 tutibus,
500 3024 608 3161 quas
639 3049 689 3128 in
718 3048 936 3130 universis
969 3044 1230 3166 Germaniae
1271 3040 1478 3154 gentibus
1509 3007 1800 3152 admiramur,
1842 3048 2024 3135 fortitu·

268 3220 397 3323 dine,
428 3217 625 3320 justitia,
658 3216 861 3296 castitate
892 3233 938 3296 et
968 3211 1187 3296 inviolata
1216 3210 1449 3328 hospitum
1477 3212 1743 3322 reverentia,
1775 3247 1928 3304 earum
1948 3250 2025 3305 au·

266 3409 359 3473 tem
389 3354 633 3487 virtutum,
666 3410 773 3495 quas
806 3376 929 3496 apud
958 3379 1152 3496 populos
1180 3379 1387 3467 altiorem
1417 3353 1617 3470 culturae
1643 3385 1827 3498 gradum
1855 3392 2023 3494 iactan-

268 3576 334 3677 tes
366 3556 618 3669 saepissime
649 3550 985 3657 desideraveris,
1028 3550 1290 3635 clementiae
1326 3548 1429 3637 dico
1471 3573 1517 3639 et
1553 3554 1868 3665 humanitatis,
1898 3529 2037 3676 prae-¹

269 3724 385 3810 clara
412 3720 587 3807 edidere
620 3717 908 3827 documenta,
940 3723 1004 3805 ita
1022 3738 1076 3805 ut
1105 3718 1413 3807 Theodericus
1443 3730 1651 3842 propriae
1680 3727 1836 3820 laudis,
1855 3733 2022 3815 nimius

268 3911 449 3981 amator.
470 3888 605 3977 fuisse
635 3919 731 3975 non
761 3889 988 3996 videatur,
1006 3856 1126 3975 'cum
1157 3888 1320 3978 dixerit
1350 3892 1569 4004 (Cassiod.
1593 3900 1692 3990 Var.
1713 3900 1786 4005 Π,
1818 3906 1915 4010 43),
1939 3897 2025 3983 sibi

160 4112 164 4123 ·
199 4132 204 4138 .
269 4047 554 4183 propositum
585 4090 678 4147 esse
709 4064 771 4145 sic
797 4065 997 4166 vincere,
1029 4080 1083 4147 ut
1113 4060 1301 4167 subjecti
1331 4092 1377 4148 se
1408 4062 1591 4151 doleant
1612 4096 1742 4153 suum
1773 4066 2023 4153 dominium

270 4232 438 4318 tardius
471 4234 766 4347 acquisivisse.
842 4233 977 4336 Cujus
1007 4234 1073 4315 rei
1111 4235 1371 4317 testimonia
1412 4234 1533 4352 apud
1568 4240 1818 4355 complures
1849 4255 2025 4325 exstant

184 4446 186 4455 ·
270 4406 517 4518 scriptores.
578 4404 734 4491 Unum
762 4422 940 4489 tautum
969 4400 1121 4490 locum
1151 4432 1208 4489 ex
1235 4402 1424 4491 historia
1453 4407 1675 4518 miscella,
1716 4440 1830 4527 quae
1861 4407 2052 4493 dicitur

1515 4580 1608 4659 Ar
