4800 5567
1095 170 1456 301 4:20..

453 418 521 491 ΙΙΙ.
547 418 607 486 De
633 410 854 513 Thuringis.
909 408 912 415 ’

506 532 795 633 Thuringorum
824 528 1016 630 originem
1044 550 1065 601 o
1091 526 1228 601 Gothis
1245 548 1336 603 -esse
1369 530 1635 625 repetendam,
1673 550 1809 608 nostra
1845 536 2002 633 quidem
2036 546 2156 613 aetate

272 633 274 641 .
377 652 536 727 multis
562 653 766 749 probatum
795 674 889 749 quse
917 648 1071 746 quidem
1098 646 1288 721 sententia
1315 636 1663 744 quovis'historise
1690 672 1793 727 caret
1809 650 2049 731 testimonio.
2101 658 2159 732 si·

400 764 608 850 mititudo.
632 794 749 869 quoe,
778 786 824 841 ut
847 767 1052 853 nonnullis
1080 767 1209 840 visum
1236 784 1316 852 est,
1344 765 1445 839 inter
1471 770 1761 869 Thuringorum
1781 790 1826 844 et
1844 776 2159 876 Thcrvingorum

400 889 565 965 nomine
591 889 807 974 intercedit,
826 888 990 959 omnino
1016 885 1125 957 nullo
1152 902 1221 959 est.
1275 882 1498 975 Coniuncto
1525 906 1654 962 eutem
1679 890 1972 992 Thuringorum
1998 912 2037 967 et
2053 897 2158 969 Veri·

401 1034 557 1091 norum,
585 1028 658 1106 que
684 1006 888 1103 praecipue
914 1006 981 1077 illa
1008 1004 1196 1077 sententie
1222 1003 1375 1091 nititur,
1400 1005 1664 1081 nullisscerris
1690 1010 1935 1085 dommentis
1961 1012 2160 1106 probetur.

402 1133 617 1216 Praeterea,
658 1150 746 1212 cum
773 1125 818 1197 de
843 1126 1018 1223 ipsorum
1045 1124 1277 1198 Varinorum
1305 1124 1456 1221 origine
1482 1126 1647 1199 Gothico
1669 1127 1781 1221 nihil,
1793 1130 1888 1202 certi
1912 1146 2086 1220 constet,
2111 1158 2161 1207 ex

405 1242 597 1341 eitumodi
623 1242 921 1339 conjunctione,
959 1244 1182 1343 Thuringos
1208 1239 1328 1315 fuisse
1355 1244 1523 1334 Gothos,
1559 1268 1645 1321 non
1670 1266 1900 1348 sequeretur.
1931 1240 1982 1343 ¹⁴)

1090 1548 1484 1633 GseurIL

777 1741 779 1749 ·
896 1720 969 1803 De
1004 1714 1291 1831 Ostrogothis
1324 1736 1369 1803 et
1400 1718 1449 1803 V
1446 1716 1666 1831 isigothis.

1146 1912 1151 1921 ·
1230 1896 1267 1984 §.
1306 1914 1341 1965 1.

483 2069 548 2137 Dc
576 2058 838 2160 scriptoribus,
877 2062 984 2163 apud
1009 2066 1106 2162 quot
1130 2078 1220 2137 onte
1241 2063 1478 2139 tornantem
1509 2060 1831 2165 ostrogothorum
1856 2038 1906 2139 ct*
1925 2067 2081 2169 Visigo·
2144 2059 2150 2067 ’

1019 2182 1168 2259 thorum
1195 2172 1353 2259 noirsiuo
1381 2184 1562 2283 leguntur

391 2369 395 2379 ·
508 2340 659 2407 Praeter
682 2335 844 2415 nomine
872 2304 1035 2435 singolis
1062 2337 1232 2433 populis,
1261 2336 1307 2408 de
1326 2360 1493 2431 quorum
1511 2336 1665 2410 sedibus
1691 2352 1731 2408 et
1754 2334 1869 2409 rebus
1896 2336 2013 2435 gestis
2040 2336 2164 2434 capite

337 2436 342 2441 ’
406 2434 530 2533 priori
556 2436 831 2531 exposuimus,
866 2440 1042 2535 propria,
1079 2442 1158 2511 duo
1184 2440 1369 2517 nomino,
1405 2438 1548 2535 quibus
1585 2438 1801 2515 Gothorum
1834 2457 1961 2535 portes
1987 2438 2162 2539 designo·
2263 2430 2267 2438 ’

406 2555 553 2625 rentur,
581 2541 683 2634 apud
701 2542 906 2635 scriptores
927 2559 965 2611 et
991 2541 1174 2633 antiquos
1201 2554 1239 2609 et
1264 2557 1433 2611 recentes
1454 2540 1696 2613 celeberrima
1722 2558 1830 2624 sunto
1857 2540 2164 2637 Ostogothorum

407 2656 446 2713 et
471 2640 762 2735 visigothorum
788 2642 961 2721 nomina.
1032 2646 1132 2705 Cum
1165 2654 1303 2707 ornem.
1327 2639 1444 2709 nohis
1485 2640 1531 2711 in
1563 2642 1703 2708 horum
1735 2640 1944 2707 nominum
1971 2642 2165 2737 originem

405 2740 600 2839 inquirere
635 2736 883 2835 propositum
919 2732 991 2819 sit,
1020 2731 1194 2829 singulos
1216 2730 1421 2826 scriptores
1447 2734 1539 2803 haec
1561 2732 1723 2806 nomine
1750 2734 1993 2824 exhibentes,
2022 2764 2165 2835 quous·

407 2866 482 2939 que
508 2843 551 2915 in
579 2862 827 2914 communem
854 2858 970 2907 usum
1005 2834 1187 2907 videntur
1222 2831 1380 2918 obiisse,
1415 2832 1519 2905 haud
1544 2858 1565 2905 e
1591 2858 1631 2905 re
1670 2837 1840 2911 alienum
1865 2839 2051 2913 duximus
2076 2866 2164 2937 pro·

384 2942 516 3019 'ferre
571 2950 653 3042 Qua
680 2944 721 3013 in
749 2964 789 3011 re
815 2936 1017 3035 principio
1037 2936 1280 3006 monendum
1307 2951 1376 3018 est,
1404 2953 1610 3031 utrumque
1629 2959 1777 3009 nomen
1802 2963 1885 3011 non
1911 2944 2047 3016 eodem
2066 2960 2164 3015 tem·

407 3071 522 3145 pore,
549 3044 615 3119 sed
643 3042 966 3140 Ostrogothorum
994 3038 1118 3111 multo
1147 3054 1269 3124 antea,
1297 3061 1413 3133 quom
1429 3036 1720 3135 visigothorum
1741 3042 1866 3112 audiri
1881 3066 2040 3118 nomen.
2080 3044 2160 3117 Pri·

406 3172 495 3222 mus
523 3147 625 3243 opud
652 3168 767 3239 quem
793 3131 1118 3237 Ostrogothorum
1144 3164 1287 3212 nomen
1315 3156 1457 3224 exstet,
1487 3139 1702 3213 Trebellius
1717 3144 1844 3215 Pollio
1871 3162 1931 3216 est
1953 3148 2163 3221 nominen-

408 3248 480 3321 dus
509 3248 608 3337 (vita
636 3245 767 3319 Claud.
795 3268 825 3315 c.
855 3242 919 3333 6.).
974 3248 1066 3315 Post
1091 3242 1196 3313 hunc
1223 3240 1325 3314 idem
1352 3265 1496 3314 nomen
1516 3266 1537 3313 a
1556 3239 1768 3315 Claudiano
1786 3270 1866 3318 uno
1893 3261 2046 3343 tentum
2072 3250 2163 3322 loco

412 3349 476 3442 (in
501 3354 662 3445 Eutrop.
689 3352 746 3433 Il,
778 3345 870 3435 too)
898 3344 1108 3418 exhibetur.
1163 3344 1253 3417 Alio
1275 3342 1430 3440 quidem
1457 3342 1625 3436 ejusdem
1650 3352 1785 3439 poetae
1810 3347 1898 3419 loco
1924 3347 1984 3437 (in
2011 3349 2099 3419 Stil.
2121 3356 2162 3435 1,

330 3528 336 3548 .
410 3452 493 3551 94.)
519 3450 722 3525 nonnullis
749 3448 791 3519 in
819 3445 1013 3521 codicibus
1026 3453 1214 3521 Vesorum
1239 3471 1383 3518 nonren
1411 3446 1565 3545 legitur,
1593 3468 1670 3542 quo
1695 3445 1857 3518 nomine
1883 3446 1929 3517 ab
1956 3448 2043 3521 eliis
2069 3458 2163 3543 pori·

409 3556 462 3628 tis
489 3550 684 3651 sequentis
711 3551 794 3625 oevi
820 3550 1013 3647 visigothi
1040 3549 1312 3649 designantur;
1340 3548 1501 3642 plurimi
1519 3563 1647 3620 sutem
1667 3546 1814 3621 codices
1836 3564 1876 3621 et
1895 3549 2064 3643 optimae
2084 3553 2163 3625 erli-

410 3656 538 3735 tiones
565 3660 769 3748 Mysorum
795 3676 945 3739 nomen,
967 3651 1159 3723 exhibent.
1214 3653 1358 3722 Revera
1384 3650 1427 3723 in
1453 3654 1658 3743 Mysorum
1688 3651 1849 3724 nomine
1875 3652 2024 3749 aliquid
2048 3654 2160 3743 inest,

411 3760 456 3834 iu
483 3783 561 3858 quo
587 3756 671 3851 jure
697 3752 887 3829 offendere
911 3753 1050 3851 possis.
1128 3752 1291 3827 Stilicho
1328 3751 1448 3841 enim,
1475 3754 1524 3825 ‘de
1549 3750 1659 3844 cujus
1676 3752 1855 3827 laudibus
1880 3747 1951 3827 illo
1976 3748 2067 3830 loco
2087 3760 2164 3857 egi·

411 3932 618 3969 μ...-

500 4028 557 4111 14)
579 4032 690 4113 Unum
721 4044 847 4094 tontum
877 4026 1036 4091 indicium
1067 4024 1107 4089 erl
1129 4044 1248 4113 cogne-
1331 4027 1430 4101 licet,
1459 4026 1563 4110 petris
1592 4044 1711 4111 genere
1742 4024 1932 4113 Thuringus
1965 4030 2055 4103 (uiri
2077 4033 2166 4097 forte

411 4119 538 4183 tionem
561 4117 719 4203 quendem
738 4114 982 4199 Thuringorum
1007 4126 1039 4175 et
1063 4112 1248 4175 Gothorum
1332 4112 1544 4196 Turcilingus
1566 4126 1616 4173 est
1636 4109 1828 4197 legendum)
1849 4114 1961 4175 metris
1981 4130 2089 4179 noum
2111 4140 2166 4202 go·

413 4210 565 4289 spectans
586 4202 668 4269 mihi
691 4200 847 4264 innotuit.
892 4200 930 4260 ln
957 4200 1116 4281 excerptis
1140 4196 1179 4275 de
1202 4200 1247 4259 le·
1331 4218 1411 4259 nere
1443 4197 1551 4258 Scirus
1581 4197 1655 4257 fuit.
1721 4194 1818 4279 Apud
1849 4196 2027 4263 Germanos
2055 4214 2163 4265 eutem

415 4286 603 4377 grationibus
627 4288 688 4360 (ci.
701 4288 818 4369 Script.
832 4286 913 4367 Byrt
938 4286 968 4357 1,
992 4306 1024 4368 p.
1048 4284 1113 4359 15.)
1143 4284 1247 4343 Enul·
1333 4280 1533 4347 connubium
1547 4296 1695 4341 mutuum
1710 4280 1798 4342 iuter
1812 4298 1925 4368 gentes
1939 4298 2067 4349 teuttuu
2079 4292 2162 4371 ejus·

412 4375 474 4463 phi
496 4394 554 4439 ssu
577 4371 724 4456 Ooulphi
746 4370 912 4455 cujusdem
942 4368 980 4430 lit
1008 4368 1152 4442 mentio,
1175 4369 1246 4451 qui,
1333 4366 1407 4431 deur
1427 4368 1541 4453 stirpis
1561 4370 1709 4431 solemne
1734 4380 1814 4429 etot.

412 4476 485 4524 ute
506 4462 689 4553 fragmento
701 4454 921 4541 Melchispud
936 4452 1068 4518 Suidsm
1092 4454 1248 4543 cognosci
1464 4452 1470 4463 ‘

2383 625 2386 758 l
