4800 5567
974 188 1034 219 ·...
1132 149 1339 293 37:³-

942 366 961 373 ‘'
1034 382 1037 389 ·
1103 374 1214 463 tr·

320 540 410 637 De.
427 536 493 623 iis,
522 526 856 633 quaereremus
882 524 929 601 de
955 518 1336 627 ostrogethorum&
1362 516 1656 623 Visigothorum
1682 518 1827 623 origine
1853 518 1982 595 tradit.

384 718 714 820 Quemadmodum
740 713 954 801 Jomandes
980 711 1117 801 tradit,
1157 736 1280 809 usque
1314 708 1364 783 sd
1388 708 1769 784 Hermanaricum'et
1794 712 2034 800 Hunnorum

278 823 492 900 'adventum
519 822 636 895 Gothi
662 822 733 893 uni
759 834 911 891 tantum
938 830 1086 911 semper
1111 814 1192 913 regi
1218 831 1327 887 erant
1353 815 1499 887 subditi
1534 812 1583 885 cf.
1611 836 1642 885 c.
1675 833 1732 902 ¹7·
1783 811 1941 883 Hunnis
1969 834 2034 883 au-

277 946 359 1003 tem
386 924 690 1023 irrumpentibus
715 919 922 1020 vesegothi
948 918 994 989 ab
1022 916 1268 1017 Ostrogothis
1294 914 1412 989 dirisi
1438 916 1590 989 sedibus
1617 914 1760 987 relictis
1786 932 1825 986 et
1849 912 2033 986 Danubio

218 1092 222 1095 .
280 1026 443 1119 trajecto¹
472 1028 517 1099 in
552 1030 817 1098 Romanorum
851 1018 1035 1093 transiere
1070 1038 1199 1099 terras,
1236 1016 1286 1091 cf.
1321 1044 1353 1092 c,
1390 1036 1450 1112 24.
1488 1035 1526 1090 et
1553 1038 1613 1105 25.
1642 1002 1868 1115 Ostrogbthi
1906 1031 2035 1086 autem

278 1124 554 1223 Hermanarico
588 1132 748 1200 mortuo'
777 1122 935 1196 Hunn'is
970 1118 1134 1212 subjecti
1178 1121 1284 1195 sedes
1318 1144 1406 1194 suas
1440 1120 1647 1205 retinuere,
1690 1142 1814 1215 usque
1848 1116 1898 1189 ad
1933 1087 2034 1187 indu
2088 1140 2092 1145 ’

232 1238 233 1243 ’
275 1230 453 1327 ¹tempus,
490 1253 567 1327 quo
601 1228 720 1299 Attila
755 1241 909 1299 mortuo
942 1240 981 1297 et
1013 1227 1250 1297 Hunnorum
1281 1221 1400 1304 ¹rebus
1436 1222 1577 1297 eversis
1602 1221 1846 1293 Pannoniam
1874 1212 2034 1313 occupa·

263 1332 385 1405 ¹runt.
415 1328 463 1403 oi.
492 1354 524 1402 c.
552 1348 612 1423 48.
639 1347 677 1401 et
705 1350 766 1416 σο.
971 1386 976 1394 .

384 1430 648 1513 EJornandis
682 1430 804 1531 igitur
837 1426 1027 1503 sententia
1063 1427 1388 1529 ostrogothorum
1420 1444 1459 1503 et
1494 1422 1788 1526 ,visigothorum
1827 1416 2033 1494 discrimen

281 1552 372 1609 onte
398 1539 635 1607 Hunnorum
663 1532 873 1606 adventum
898 1532 1076 1605 nondum
1104 1549 1182 1604 erat
1208 1530 1376 1618 facttum,
1404 1546 1442 1603 et
1468 1544 1937 1625 quamquam-utrumque
1963 1546 2034 1595 no·

281 1652 372 1711 men
397 1634 475 1726 jam
503 1634 733 1733 ostrogotha
760 1658 847 1732 rege
873 1651 1150 1707 commemorat
1176 1630 1224 1707 cf.
1252 1660 1283 1707 c.
1315 1656 1373 1723 ιγ.
1388 1685 1399 1719 ,
1435 1649 1564 1705 tamen
1590 1629 1775 1728 1110]οω
1802 1623 1903 1697 nihil
1930 1622 2035 1695 aliud

280 1734 539 1837 significatur,
568 1760 683 1833 quam
710 1736 926 1810 Gothorum
952 1750 1078 1831 partes
1103 1737 1264 1830 posthac
1281 1736 1421 1809 divisas
1441 1732 1671 1830 ostrogotha
1696 1754 1784 1829 rege
1804 1726 1927 1799 adhuc
1944 1749 2034 1799 con-

275 1834 432 1929 ¹iunctas
459 1836 591 1913 fuisse
644 1840 696 1911 ht
720 1837 813 1910 haec
838 1836 1048 1919 Jornandis
1074 1840 1266 1924 narratio,
1304 1860 1418 1935 quam
1446 1838 1492 1909 de
1519 1832 1845 1931 Ostrogothorum
1871 1846 1910 1900 et
1934 1827 2035 1901 Visi-

280 1941 493 2050 gothorum
529 1940 680 2037 origine
716 1956 754 2012 et
790 1938 1088 2039 migrationibus
1116 1956 1155 2011 et
1180 1940 1293 2013 rebus
1329 1963 1462 2013 eorum
1498 1936 1680 2035 proximo
1719 1950 1893 2030 tempore
1918 1930 2034 2029 gestis

280 2040 467 2139 protulit,
495 2041 628 2113 multis
655 2056 807 2113 tenetur
834 2038 1120 2115 difficultatibus
1330 2112 1334 2120 ,
1694 2092 1697 2097 -
2047 2024 2054 2042 ’

387 2166 421 2215 1.
450 2149 573 2240 Quam
598 2139 693 2213 falsa
721 2158 759 2217 et
796 2142 939 2214 incerta
966 2140 1085 2239 ¹fuerit
1120 2140 1329 2225 Jornandis
1356 2138 1402 2216 de
1437 2140 1652 2215 Gothorum
1691 2136 1844 2213 sedibus
1884 2132 2034 2229 opinio,
2148 2167 2162 2201 x

279 2242 374 2317 inde
401 2242 584 2343 cognosci
608 2242 719 2329 licet,
747 2242 1002 2339 quodtotam
1029 2246 1245 2319 Gothorum
1271 2263 1425 2345 gentem
1450 2242 1559 2336 juxta
1583 2241 1820 2327 Maeotidem
1845 2236 2036 2308 habitasse

279 2364 320 2419 et
345 2345 389 2417 in
416 2344 546 2430 terris,
575 2368 668 2441 quas
695 2344 830 2416 eodem
856 2360 1029 2442 tempore
1056 2366 1211 2421 cunctas
1250 2363 1429 2434 tenuere,
1467 2345 1551 2417 huc*
1580 2343 1675 2415 illuc
1709 2341 1895 2439 migrasse
1916 2336 2035 2416 hobis

245 2536 251 2563 ἢ
278 2448 368 2521 vult
393 2446 626 2543 persuaderi·
684 2448 856 2518 Omnino
893 2471 988 2543 quae
1015 2449 1061 2520 de
1086 2450 1203 2521 variis
1232 2448 1447 2523 Gothorum
1474 2445 1627 2521 sedibus
1653 2444 1790 2530 tradit,
1817 2444 1920 2513 inter
1944 2436 2037 2510 libri

258 2546 428 2645 *partem
454 2548 621 2619 maxime
648 2546 850 2619 obscuram
875 2548 1072 2621 referenda
1099 2568 1203 2623 sunt.
1256 2552 1424 2623 Primam
1458 2573 1593 2623 eorum
1618 2548 1745 2619 sedem
1771 2546 1953 2616 Filimero
1979 2551 2036 2611 re‘·

148 2710 159 2727 .
280 2666 423 2747 g'ssdnte
448 2646 491 2719 in
519 2644 673 2737 Scythia
699 2643 820 2715 fuisse
845 2644 941 2715 dicit
966 2646 1076 2732 juxta
1094 2650 1329 2715 Maeotidcm
1357 2650 1426 2733 (of.
1454 2672 1486 2717 c.
1515 2653 1584 2730 5·)‚
1612 2646 1819 2714 secundam
1835 2647 1879 2712 in
1901 2640 2033 2725 Dacia,

158 2818 171 2838 ,
279 2752 431 2821 Moesia
459 2764 497 2817 et
522 2745 705 2828 Thracia,
732 2743 884 2815 tertiam
911 2766 1025 2839 supra
1052 2768 1154 2815 mare
1180 2744 1409 2832 Ponticum,
1438 2766 1515 2841 quo
1543 2758 1715 2838 tempore
1740 2742 1783 2813 in
1809 2732 2036 2837 Visigoth'os

280 2864 321 2923 et
347 2844 603 2945 Ostrogothus
630 2844 745 2919 divisi
770 2838 915 2917 Amalis
942 2862 981 2917 et
1006 2846 1125 2919 Baltis
1153 2846 1365 2919 servierint
1419 2852 1662 2943 Quocunque
1689 2860 1816 2914 autem
1835 2842 1903 2914 has
1930 2843 2035 2915 sedes

277 2948 534 3054 transtuleris,
561 2970 686 3041 neque
713 2970 801 3017 cum
827 2946 986 3019 historia
1012 2972 1139 3045 neque
1166 2972 1255 3020 cum
1282 2948 1367 3023 aliis
1393 2947 1600 3030 Jornandis
1627 2940 1750 3017 effatis
1778 2944 2032 3018 conveniunt.

277 3050 408 3125 Tertia
435 3048 542 3117 enim
569 3046 694 3129 sedes,
721 3068 835 3139 quam
862 3068 975 3140 supra
1002 3052 1173 3121 Pontum
1200 3050 1384 3137 collocat,
1409 3073 1534 3149 neque
1560 3046 1607 3121 ad
1633 3046 1836 3120 Thraciam
1861 3063 1900 3118 et
1923 3048 2035 3119 Moe·

167 3184 171 3201 ·
280 3150 398 3235 siam,
426 3168 523 3241 quae
550 3144 706 3240 quidem
732 3144 961 3218 Provinciae
986 3173 1034 3218 ex
1066 3166 1172 3244 parte
1210 3155 1337 3225 Ponto
1363 3152 1516 3226 vicinae
1542 3167 1658 3238 sunt,
1696 3146 1830 3221 referri
1855 3162 2033 3243 possunt,

281 3274 370 3325 cum
396 3246 611 3319 baeterrae
637 3243 799 3319 secunda
827 3247 1043 3319 Gothorum
1068 3244 1174 3321 sede's
1211 3248 1381 3339 fuerint,
1419 3242 1544 3353 neque
1578 3255 1625 3326 ad
1660 3269 1775 3325 terras
1802 3274 1823 3323 a
1849 3246 2033 3322 Danubio

280 3348 585 3446 septentrionem
624 3370 757 3421 versus
795 3346 908 3445 sitas,
947 3373 1035 3421 cum
1069 3351 1151 3446 ipse
1190 3352 1351 3439 dixerit,
1367 3356 1419 3427 ὀ.
1450 3378 1509 3444 17.
1538 3352 1684 3429 Gothos
1723 3376 1837 3449 supra
1863 3356 2035 3423 Pontum

187 3535 192 3551 γ,
278 3452 494 3526 habitantes
520 3452 697 3523 nondum
723 3450 868 3525 divisos
896 3446 1026 3523 fuisse.
1081 3454 1193 3549 Quod
1221 3470 1350 3526 autem
1371 3454 1419 3526 ad
1432 3458 1603 3542 Daciam,
1631 3455 1824 3529 Moesiam
1851 3468 1890 3525 et
1915 3452 2033 3525 Thra·

280 3552 359 3627 cias
385 3551 571 3647 pertinet,
601 3576 692 3646 quas
719 3552 888 3625 secundo
915 3552 1003 3626 loco
1031 3554 1215 3627 dicuntur
1240 3556 1430 3646 tenuisse,
1457 3559 1533 3631 alio
1560 3558 1647 3631 loco
1676 3561 1734 3648 (c.
1762 3558 1856 3645 252)
1884 3554 2031 3625 Gothos

276 3652 506 3731 Danubium
532 3656 791 3751 transgressos
811 3656 1077 3730 Romanorum
1116 3655 1306 3753 permissu
1340 3660 1407 3731 has
1442 3658 1544 3754 ipsas
1580 3678 1695 3733 terras
1721 3656 1931 3730 incoluisse
1956 3672 2032 3726 tra·
2145 3667 2151 3679 '

278 3757 350 3832 dit.
402 3758 536 3851 Equo
564 3751 714 3827 sedium
740 3752 997 3852 descriptione
1016 3754 1114 3831 'satis
1149 3776 1276 3854 patet,
1309 3762 1500 3843 Jomandi
1535 3785 1661 3858 neque
1697 3777 1882 3832 terrarum
1907 3776 2033 3853 neque
2125 3849 2130 3857 ¹

275 3870 516 3954 temporum,
553 3854 695 3953 quibus
735 3856 950 3933 Gothorum
985 3858 1191 3935 discrimen
1229 3879 1368 3937 natum
1404 3888 1485 3939 esse
1517 3864 1700 3952 traditur,
1737 3878 1877 3935 certam
1909 3858 2033 3931 ullam

276 3956 397 4037 tuisse
421 3958 617 4033 notitiam.
1239 3996 1246 4009 .

381 4084 417 4133 2·
445 4064 477 4133 E
513 4060 719 4141 Jomandis
752 4062 972 4136 narratione
998 4066 1188 4161 populus,
1224 4064 1336 4161 cujus
1371 4094 1440 4141 rex
1464 4066 1759 4145 Hermanaricus
1792 4064 1891 4152 fuit,
1926 4060 2031 4139 sedes

278 4174 383 4237 suas'
400 4160 503 4235 haud
529 4162 705 4259 reliquit,
732 4164 810 4249 sed,
849 4182 895 4239 ut
928 4166 1052 4263 ipsius
1087 4169 1214 4241 verbis
1241 4188 1415 4259 utamur,
1438 4170 1487 4245 in
1515 4162 1643 4247 eadem
1670 4168 1793 4265 patria
1817 4154 2029 4239 remoratus

236 4280 244 4289 '
277 4280 354 4337 est·
375 4260 423 4335 cf.
452 4286 484 4335 c.
513 4280 573 4356 24.
602 4280 641 4337 et
665 4282 727 4357 43.
780 4266 989 4353 Ammiano
1016 4286 1144 4345 autem
1170 4288 1208 4344 et
1233 4273 1394 4349 Zosimo
1420 4274 1583 4374 aliisque
1607 4271 1768 4349 testibus
1802 4285 1932 4341 tantus
1953 4267 2030 4339 'nu-

278 4388 406 4462 merus
434 4366 770 4467 Gruthungorum,
799 4392 966 4469 quorum
1002 4396 1070 4449 rex
1095 4376 1393 4453 Hermsuaricus
1419 4377 1576 4472 (Amnis
1600 4375 1773 4455 murell.
1799 4374 1948 4455 XXXI,
1977 4368 2029 4457 3)
2091 4444 2094 4448 ,
