4800 5567
830 138 1338 225 ,ww-

276 380 361 454 tur,
387 344 472 437 non
497 363 681 445 Moesos,
708 356 774 433 sed
801 354 968 441 Gothos,
1002 350 1152 426 Moesis
1187 349 1285 447 ipsis
1322 345 1618 425 molestissimos
1644 348 1688 423 in
1714 348 1859 453 fugam
1875 378 2033 454 compu.

274 466 335 541 lit
387 470 505 539 Hunc
531 488 611 538 esse
637 462 741 535 illius
768 460 847 533 loci
872 465 1029 533 sensum
1056 455 1225 537 dubitari
1260 453 1418 553 nequit,
1456 451 1680 551 pracsertim
1715 454 1793 528 alio
1831 458 2049 555 Claudiani,

274 568 363 643 loco
390 570 533 642 collato
562 568 633 655 (1v
660 565 814 637 Consul.
836 558 1006 633 Honorii
1032 582 1068 631 v.
1098 558 1214 646 53)s“
1875 560 1883 579 ¹

376 722 400 758 „
412 676 510 741 Cum
537 668 680 741 Geticis
706 662 844 765 ingens
872 676 1107 758 premeretur
1133 658 1284 731 Moesis
1309 658 1504 754 plaustris.
1983 733 1989 743 ,

374 770 554 842 Attamen
581 774 787 862 Mysorum
811 788 955 836 nomen
992 786 1072 835 esse
1106 762 1314 858 legendum
1337 786 1429 835 non
1465 762 1584 837 modo
1611 762 1796 837 Codicum
1823 768 2029 841 auctoritas

275 874 429 953 suadet.
457 873 523 945 sed
549 871 667 943 etiem
692 868 812 955 illud,
841 866 949 961 quod·
973 863 1176 935 Claudiani
1205 880 1377 959 tempore
1410 865 1540 959 ipsum
1566 867 1857 965 Visigothoruus
1882 892 2030 943 nomen

272 974 397 1047 adhuc
420 959 605 1073 ignotum
637 970 790 1045 videtur
816 966 948 1041 fuisse.
1002 964 1115 1063 Quod
1139 964 1305 1047 §idonio
1330 967 1570 1061 Apollinari,
1598 966 1707 1059 cujus
1733 985 1906 1065 temporo
1931 970 2030 1043 Visi-

273 1076 483 1177 gothorum
509 1098 655 1148 nomen
681 1072 726 1145 irs
753 1092 999 1146 communem
1025 1068 1207 1141 notitiam
1242 1086 1428 1149 evaserat,
1462 1068 1704 1167 largiendum
1739 1068 2029 1165 fuit„Cleudi·
2151 1092 2159 1103 ·
2241 1070 2245 1079 ’

272 1202 348 1251 sno
375 1178 540 1249 minime
568 1198 776 1271 possumus
803 1172 1023 1245 concedere.
1077 1174 1270 1242 Praetereo
1298 1187 1430 1269 gentes
1456 1173 1676 1269 peregrines
1699 1198 1719 1243 a
1740 1178 1851 1247 terris
1870 1197 2030 1269 occupe-

272 1282 324 1353 tis
350 1279 554 1351 nominare
579 1276 767 1349 Romanis
791 1272 978 1346 usitatum
1004 1268 1124 1345 fuisse
1150 1274 1241 1344 satis
1268 1290 1440 1359 constat,
1467 1272 1573 1369 quod
1597 1272 1781 1346 facillime
1806 1277 2028 1371 praesertim

270 1404 293 1453 s
320 1388 433 1477 poits
460 1379 504 1450 iu
531 1402 573 1453 es
601 1395 713 1478 gente
739 1376 977 1451 nominanda
1005 1375 1133 1469 potuit
1158 1370 1261 1459 lieri,
1291 1398 1386 1469 quse
1421 1374 1571 1447 circiter
1595 1375 1740 1475 viginti
1766 1400 1892 1449 annos
1917 1382 2029 1449 Moe·

271 1482 371 1555 siem
397 1481 534 1553 tenuit.
575 1480 762 1565 Accedit,
798 1478 902 1575 quod
937 1480 1052 1573 poe‘tu
1088 1500 1216 1571 neque
1252 1477 1468 1549 Gothorum
1493 1499 1619 1573 neque
1646 1484 1825 1551 Getarum
1850 1478 2025 1563 nomine,

272 1583 417 1681 quippe
444 1582 547 1679 quod
573 1583 736 1678 primam
763 1578 948 1673 syllubam
976 1578 1178 1672 corripiet,
1206 1578 1268 1649 uti
1294 1579 1436 1673 potuit
1467 1572 1517 1671 ¹⁵)
1570 1581 1826 1666 Claudianum
1851 1580 2026 1675 sequitur

271 1684 477 1769 Sidonius,
506 1684 608 1779 spud
634 1708 750 1779 quem
777 1700 984 1775 utrumque
1010 1692 1155 1754 nomen
1180 1680 1324 1777 legitur
1349 1697 1388 1753 et
1413 1679 1607 1777 Visigothi
1625 1683 1672 1753 ab
1699 1706 1746 1756 so
1772 1682 1864 1755 Vesi
1890 1680 2053 1755 dicun·vx

229 1862 244 1871 ,
266 1800 343 1857 tur.
359 1778 409 1877 1⁶)
433 1790 528 1859 Post
545 1786 649 1857 hunc
667 1786 861 1883 integrum
880 1782 1174 1879 Visigothorum
1197 1804 1344 1853 nomeu
1364 1782 1410 1853 in
1434 1782 1537 1853 libro
1563 1784 1730 1857 auctoris
1757 1784 1897 1883 ignoti,
1914 1808 1936 1855 s
1952 1788 2025 1857 Vs·

266 1884 365 1961 losio
391 1888 562 1983 primum
580 1886 684 1972 editi,
706 1902 839 1959 exstat.
866 1882 1067 1969 Jomendi,
1087 1883 1155 1977 qui
1168 1884 1275 1956 hunc
1292 1883 1447 1979 excipit,
1465 1900 1671 1981 utrumque
1689 1910 1835 1959 nomen
1854 1887 2028 1959 solemne

270 2004 330 2062 est
355 2004 393 2061 et
418 2014 485 2085 per
511 1990 616 2063 huno
642 1988 866 2081 scriptorem
903 1985 1228 2081 ostrogothorum
1254 2002 1293 2056 et
1317 1986 1610 2085 Visigothorum
1635 1988 1796 2060 nomina
1823 1988 2026 2083 praecipue

266 2087 316 2161 in
342 2107 589 2161 communem
616 2112 726 2161 usum
755 2088 937 2160 videntur
963 2087 1131 2178 abiisse„
1163 2086 1419 2169 Alornsnde
1451 2086 1636 2161 ablavius
1669 2087 1826 2184 quidem
1860 2089 1920 2161 his
1954 2112 2025 2163 no·
2134 2146 2140 2167 .

268 2185 446 2261 minibus
471 2214 563 2263 usus
590 2214 670 2263 esse
695 2188 861 2273 dicitur,
884 2206 922 2259 st
947 2187 992 2262 de
1009 2204 1198 2282 tempore,
1227 2212 1305 2283 quo
1322 2189 1516 2283 scripserit
1541 2188 1707 2263 omnino
1732 2190 1836 2265 nihil
1861 2206 2023 2284 constat.

268 2292 454 2387 Sequenti
479 2309 653 2387 tempore
679 2292 781 2385 apud
805 2289 1010 2385 scriptores
1037 2288 1293 2364 occidentales
1330 2308 1537 2385 utrumque
1562 2315 1708 2365 nomen
1734 2290 1942 2365 admodum
1968 2310 2027 2363 est

268 2391 479 2478 usitatum
516 2392 767 2489 scriptoribus
805 2408 933 2465 sutem
968 2390 1140 2475 Graecis,
1175 2393 1288 2465 nullo
1325 2410 1511 2487 excepto,
1548 2392 1844 2491 Visigothorum
1869 2412 2024 2466 tantum

266 2514 414 2569 nomeu
431 2496 634 2593 cognitum
650 2510 718 2584 est,
738 2494 845 2594 quod
860 2518 1003 2567 nomen
1023 2492 1125 2590 apud
1139 2494 1231 2567 illos
1247 2494 1291 2567 iu
1303 2492 1485 2595 Procopii
1504 2494 1657 2592 scriptis
1667 2495 1836 2593 primum
1845 2495 2023 2571 occurrit.

1090 2666 1201 2749 sn·
1307 2636 1310 2641 ’
1551 2648 1555 2655 ’
1681 2641 1692 2692 ’

637 2816 709 2885 De
742 2810 945 2884 illorum
978 2796 1223 2882 nominum
1255 2802 1665 2913 significatione.

368 2967 401 3037 E
426 2961 566 3037 litteris
593 2964 830 3046 Gothorum,
858 2986 955 3059 quse
978 2960 1157 3035 versione
1183 2961 1391 3059 scripturae
1417 2988 1542 3037 sacrae
1559 2962 1606 3037 eb
1628 2962 1784 3061 Ulphile
1805 2964 1906 3039 facta
1927 2992 2023 3041 con·

263 3064 462 3141 tinentur„
489 3062 650 3133 nomine
676 3063 768 3131 haec
794 3062 1005 3133 derivandil
1030 3061 1141 3157 copie
1168 3086 1254 3135 non
1292 3066 1414 3137 datur.
1474 3072 1561 3139 Una
1582 3083 1734 3138 tantum
1769 3066 1826 3141 ibi
1849 3071 2020 3143 occurrit

264 3186 365 3248 vox,
393 3186 489 3257 quae
517 3184 604 3233 cum
631 3160 925 3259 visigothorum
950 3164 1111 3235 nomine
1146 3166 1338 3259 quandam
1370 3166 1486 3241 habet
1522 3169 1832 3248 similitudinem.
1886 3170 2021 3247 Weihs

268 3300 474 3319 -ι--ιη
573 3294 581 3315 Ι

353 3363 409 3441 15)
432 3366 507 3427 Hoc
524 3364 556 3423 in
574 3366 648 3427 loco
665 3362 858 3449 explicando
876 3386 946 3427 eam
963 3362 1005 3427 ob
1026 3386 1100 3427 cou-
1275 3368 1332 3438 16)
1353 3364 1471 3433 Afferri
1502 3372 1602 3435 liceat
1631 3376 1796 3461 integrum
1819 3372 1951 3439 Sidonii
1972 3380 2021 3439 lo·

264 3470 332 3513 seru
354 3450 523 3511 uberiores
546 3450 688 3525 fuimus,
721 3448 809 3534 quod
832 3450 927 3513 multi
960 3452 1099 3535 scripto·
1186 3474 1259 3513 curu
1282 3454 1457 3539 (Panegyr.
1481 3458 1664 3543 Majoreni)
1687 3462 1744 3545 qui
1765 3473 1940 3545 utrumque
1962 3484 2022 3525 no·

266 3534 376 3596 resin
400 3532 583 3595 Gothorum
612 3535 708 3597 rebus
732 3534 937 3597 decribendis
959 3534 1000 3598 ed
1024 3557 1098 3599 euus
1184 3558 1262 3601 meu
1283 3536 1441 3615 exhibet,
1465 3544 1588 3625 quique
1615 3538 1821 3631 egregio‘eet
1843 3546 2018 3609 documen·

265 3618 430 3701 respicere
452 3622 578 3692 solent,
613 3633 647 3681 et
676 3619 781 3703 quod,
806 3621 835 3682 si
857 3622 1017 3683 Vesorum
1039 3642 1099 3683 uo·
1184 3636 1242 3699 to,
1286 3623 1556 3707 quemadmodum
1585 3638 1704 3711 postue
1736 3628 1833 3714 hujus
1864 3632 1939 3694 seri
1960 3654 2048 3715 po··

263 3724 337 3765 uren
370 3703 421 3767 ibi
454 3708 635 3791 tegeretur,
667 3702 755 3769 hsud
789 3706 883 3791 perri
915 3720 1001 3771 esset
1028 3726 1097 3769 sno·
1184 3712 1335 3791 pulcrum
1357 3711 1493 3772 nomine
1512 3716 1600 3773 nulls
1628 3734 1736 3791 neque
1757 3730 1942 3797 temporum
1964 3736 2022 3779 ne·
2057 3718 2070 3732 '

263 3790 378 3855 menti.
1184 3814 1249 3879 qus
1271 3797 1418 3857 locorum
1438 3794 1550 3857 habits
1572 3799 1699 3862 ratione
1720 3803 1941 3887 conjungant:

671 3928 910 3948 -----
943 3898 1095 3977 Quidquid
1113 3900 1270 3979 leuguidus
1296 3904 1358 3960 exis

670 3984 797 4061 Gordius
815 3984 952 4043 Sithonio
969 3983 1023 4042 sub
1041 3986 1177 4045 Pars-hese
1194 3986 1323 4063 pertarit
1338 4007 1417 4059 use,

670 4072 736 4127 lico
754 4084 848 4126 totum
866 4085 915 4125 tus
931 4070 1015 4145 signs
1033 4087 1137 4145 pente
1155 4072 1312 4141 Bestsrns,
1332 4076 1458 4144 Sues-us,

669 4155 853 4223 Psnnorsitss,
870 4154 1007 4223 Neurus,
1026 4155 1165 4225 Chunus,
1185 4158 1275 4226 Geta,
1292 4158 1408 4227 Decus,
1424 4159 1553 4230 ¹Alsrttss,

652 4238 873 4309 'neuonothun
891 4242 1011 4317 liugos,
1028 4240 1220 4315 Burgundio,
1238 4243 1348 4309 Vesus,
1374 4242 1468 4301 Aliter

668 4324 797 4389 Bissete,
821 4322 1035 4401 Ostrogothus,
1053 4326 1239 4397 Procrustes,
1265 4328 1408 4397 Sarmata,
1430 4328 1570 4387 Moschus

666 4408 736 4467 Post
752 4404 863 4485 equilus
880 4426 989 4468 venere
1007 4422 1069 4467 tues
1071 4436 1440 4468 --------
