<?xml version="1.0" encoding="UTF-8"?>
<!DOCTYPE html PUBLIC "-//W3C//DTD XHTML 1.0 Transitional//EN"
    "http://www.w3.org/TR/xhtml1/DTD/xhtml1-transitional.dtd">
<html xmlns="http://www.w3.org/1999/xhtml" xml:lang="en" lang="en">
 <head>
  <title>
</title>
<meta http-equiv="Content-Type" content="text/html;charset=utf-8" />
  <meta name='ocr-system' content='tesseract 3.04.00' />
  <meta name='ocr-capabilities' content='ocr_page ocr_carea ocr_par ocr_line ocrx_word'/>
</head>
<body>
  <div class='ocr_page' id='page_1' title='image "./deostrogothorum00eisegoog_0022.png"; bbox 0 0 4800 5567; ppageno 0'>
   <div class='ocr_carea' id='block_1_1' title="bbox 1073 148 1433 301">
    <p class='ocr_par' dir='ltr' id='par_1_1' title="bbox 1073 148 1433 301">
     <span class='ocr_line' id='line_1_1' title="bbox 1073 148 1433 301; baseline 0 0"><span class='ocrx_word' id='word_1_1' title='bbox 1073 148 1433 301; x_wconf 49' lang='lat'><strong>420-</strong></span> 
     </span>
    </p>
   </div>
   <div class='ocr_carea' id='block_1_2' title="bbox 293 388 2176 2157">
    <p class='ocr_par' dir='ltr' id='par_1_2' title="bbox 293 388 2176 2157">
     <span class='ocr_line' id='line_1_2' title="bbox 378 388 2134 501; baseline 0.003 -18"><span class='ocrx_word' id='word_1_2' title='bbox 378 408 498 483; x_wconf 90' lang='lat' dir='ltr'><strong>simus</strong></span> <span class='ocrx_word' id='word_1_3' title='bbox 526 394 625 487; x_wconf 82' lang='lat' dir='ltr'><strong>erat,</strong></span> <span class='ocrx_word' id='word_1_4' title='bbox 653 398 858 489; x_wconf 70' lang='lat' dir='ltr'><strong>tamenin</strong></span> <span class='ocrx_word' id='word_1_5' title='bbox 882 394 964 491; x_wconf 85' lang='lat' dir='ltr'><strong>ejus</strong></span> <span class='ocrx_word' id='word_1_6' title='bbox 990 397 1152 473; x_wconf 88' lang='lat' dir='ltr'><strong>historia</strong></span> <span class='ocrx_word' id='word_1_7' title='bbox 1179 414 1259 473; x_wconf 85' lang='lat' dir='ltr'><strong>tem</strong></span> <span class='ocrx_word' id='word_1_8' title='bbox 1276 401 1399 475; x_wconf 89' lang='lat' dir='ltr'><strong>multa</strong></span> <span class='ocrx_word' id='word_1_9' title='bbox 1420 418 1628 477; x_wconf 86' lang='lat' dir='ltr'><strong>occurrunt</strong></span> <span class='ocrx_word' id='word_1_10' title='bbox 1654 402 1815 481; x_wconf 89' lang='lat' dir='ltr'><strong>obscure</strong></span> <span class='ocrx_word' id='word_1_11' title='bbox 1837 422 1875 481; x_wconf 90' lang='lat' dir='ltr'><strong>et</strong></span> <span class='ocrx_word' id='word_1_12' title='bbox 1894 388 2061 501; x_wconf 77' lang='lat' dir='ltr'><strong>incerta,</strong></span> <span class='ocrx_word' id='word_1_13' title='bbox 2088 433 2134 489; x_wconf 87' lang='lat' dir='ltr'><strong>ut</strong></span> 
     </span>
     <span class='ocr_line' id='line_1_3' title="bbox 377 504 2134 629; baseline 0.003 -28"><span class='ocrx_word' id='word_1_14' title='bbox 377 504 566 610; x_wconf 80' lang='lat' dir='ltr'><strong>nesciam,</strong></span> <span class='ocrx_word' id='word_1_15' title='bbox 594 546 642 593; x_wconf 91' lang='lat' dir='ltr'><strong>an</strong></span> <span class='ocrx_word' id='word_1_16' title='bbox 662 521 741 591; x_wconf 88' lang='lat' dir='ltr'><strong>ulla</strong></span> <span class='ocrx_word' id='word_1_17' title='bbox 770 519 919 617; x_wconf 83' lang='lat' dir='ltr'><strong>ingenii</strong></span> <span class='ocrx_word' id='word_1_18' title='bbox 946 519 1067 604; x_wconf 82' lang='lat' dir='ltr'><strong>acies,</strong></span> <span class='ocrx_word' id='word_1_19' title='bbox 1096 518 1163 615; x_wconf 91' lang='lat' dir='ltr'><strong>qui</strong></span> <span class='ocrx_word' id='word_1_20' title='bbox 1184 544 1297 593; x_wconf 85' lang='lat' dir='ltr'><strong>verus</strong></span> <span class='ocrx_word' id='word_1_21' title='bbox 1314 517 1431 591; x_wconf 83' lang='lat' dir='ltr'><strong>fuerit</strong></span> <span class='ocrx_word' id='word_1_22' title='bbox 1449 546 1577 593; x_wconf 88' lang='lat' dir='ltr'><strong>rerum</strong></span> <span class='ocrx_word' id='word_1_23' title='bbox 1607 540 1752 614; x_wconf 78' lang='lat' dir='ltr'><strong>status,</strong></span> <span class='ocrx_word' id='word_1_24' title='bbox 1779 553 1951 625; x_wconf 89' lang='lat' dir='ltr'><strong>unquam</strong></span> <span class='ocrx_word' id='word_1_25' title='bbox 1973 532 2025 605; x_wconf 89' lang='lat' dir='ltr'><strong>sit</strong></span> <span class='ocrx_word' id='word_1_26' title='bbox 2050 558 2134 629; x_wconf 88' lang='lat' dir='ltr'><strong>per·</strong></span> 
     </span>
     <span class='ocr_line' id='line_1_4' title="bbox 380 638 2138 748; baseline 0.003 -29"><span class='ocrx_word' id='word_1_27' title='bbox 380 660 566 739; x_wconf 85' lang='lat' dir='ltr'><strong>spectare.</strong></span> <span class='ocrx_word' id='word_1_28' title='bbox 619 645 736 711; x_wconf 92' lang='lat' dir='ltr'><strong>Hunc</strong></span> <span class='ocrx_word' id='word_1_29' title='bbox 765 640 957 734; x_wconf 91' lang='lat' dir='ltr'><strong>populum</strong></span> <span class='ocrx_word' id='word_1_30' title='bbox 987 638 1089 711; x_wconf 90' lang='lat' dir='ltr'><strong>inter</strong></span> <span class='ocrx_word' id='word_1_31' title='bbox 1115 638 1263 748; x_wconf 79' lang='lat' dir='ltr'><strong>Gothos</strong></span> <span class='ocrx_word' id='word_1_32' title='bbox 1283 662 1363 710; x_wconf 89' lang='lat' dir='ltr'><strong>esse</strong></span> <span class='ocrx_word' id='word_1_33' title='bbox 1387 638 1650 721; x_wconf 80' lang='lat' dir='ltr'><strong>referendum,</strong></span> <span class='ocrx_word' id='word_1_34' title='bbox 1678 662 1826 740; x_wconf 86' lang='lat' dir='ltr'><strong>praeter</strong></span> <span class='ocrx_word' id='word_1_35' title='bbox 1845 649 1941 722; x_wconf 90' lang='lat' dir='ltr'><strong>alios</strong></span> <span class='ocrx_word' id='word_1_36' title='bbox 1968 674 2017 721; x_wconf 85' lang='lat' dir='ltr'><strong>ex</strong></span> <span class='ocrx_word' id='word_1_37' title='bbox 2044 655 2138 725; x_wconf 88' lang='lat' dir='ltr'><strong>Am·</strong></span> 
     </span>
     <span class='ocr_line' id='line_1_5' title="bbox 293 756 2136 862; baseline 0.003 -27"><span class='ocrx_word' id='word_1_38' title='bbox 293 756 302 765; x_wconf 74' lang='grc'><strong><em>’</em></strong></span> <span class='ocrx_word' id='word_1_39' title='bbox 378 763 512 835; x_wconf 89' lang='lat' dir='ltr'><strong>miano</strong></span> <span class='ocrx_word' id='word_1_40' title='bbox 541 758 747 831; x_wconf 81' lang='lat' dir='ltr'><strong>clarissime</strong></span> <span class='ocrx_word' id='word_1_41' title='bbox 767 756 860 829; x_wconf 90' lang='lat' dir='ltr'><strong>licet</strong></span> <span class='ocrx_word' id='word_1_42' title='bbox 892 757 1085 853; x_wconf 83' lang='lat' dir='ltr'><strong>cognosci.</strong></span> <span class='ocrx_word' id='word_1_43' title='bbox 1139 756 1453 855; x_wconf 78' lang='lat' dir='ltr'><strong>Theruingorum</strong></span> <span class='ocrx_word' id='word_1_44' title='bbox 1471 758 1585 845; x_wconf 88' lang='lat' dir='ltr'><strong>fines,</strong></span> <span class='ocrx_word' id='word_1_45' title='bbox 1615 761 1683 857; x_wconf 91' lang='lat' dir='ltr'><strong>qui</strong></span> <span class='ocrx_word' id='word_1_46' title='bbox 1707 766 1858 837; x_wconf 88' lang='lat' dir='ltr'><strong>saeculo</strong></span> <span class='ocrx_word' id='word_1_47' title='bbox 1881 786 2018 862; x_wconf 89' lang='lat' dir='ltr'><strong>quarto</strong></span> <span class='ocrx_word' id='word_1_48' title='bbox 2056 794 2136 843; x_wconf 87' lang='lat' dir='ltr'><strong>me·</strong></span> 
     </span>
     <span class='ocr_line' id='line_1_6' title="bbox 381 872 2137 977; baseline 0.006 -26"><span class='ocrx_word' id='word_1_49' title='bbox 381 878 447 953; x_wconf 85' lang='lat' dir='ltr'><strong>dio</strong></span> <span class='ocrx_word' id='word_1_50' title='bbox 467 878 593 966; x_wconf 79' lang='lat' dir='ltr'><strong>fuere,</strong></span> <span class='ocrx_word' id='word_1_51' title='bbox 622 877 667 956; x_wconf 86' lang='lat' dir='ltr'><strong>ab</strong></span> <span class='ocrx_word' id='word_1_52' title='bbox 693 874 886 972; x_wconf 82' lang='lat' dir='ltr'>Aquilone</span> <span class='ocrx_word' id='word_1_53' title='bbox 913 878 1103 946; x_wconf 88' lang='lat' dir='ltr'><strong>Danastro</strong></span> <span class='ocrx_word' id='word_1_54' title='bbox 1123 872 1305 961; x_wconf 86' lang='lat' dir='ltr'><strong>flumine,</strong></span> <span class='ocrx_word' id='word_1_55' title='bbox 1334 875 1380 946; x_wconf 90' lang='lat' dir='ltr'><strong>ab</strong></span> <span class='ocrx_word' id='word_1_56' title='bbox 1400 877 1556 949; x_wconf 78' lang='lat' dir='ltr'><strong>Oriente</strong></span> <span class='ocrx_word' id='word_1_57' title='bbox 1580 884 1708 954; x_wconf 91' lang='lat' dir='ltr'><strong>Ponto</strong></span> <span class='ocrx_word' id='word_1_58' title='bbox 1723 882 1901 969; x_wconf 82' lang='lat' dir='ltr'><strong>Euxino.</strong></span> <span class='ocrx_word' id='word_1_59' title='bbox 1930 887 1976 957; x_wconf 91' lang='lat' dir='ltr'><strong>ab</strong></span> <span class='ocrx_word' id='word_1_60' title='bbox 1994 888 2137 977; x_wconf 85' lang='lat' dir='ltr'><strong>Austro</strong></span> 
     </span>
     <span class='ocr_line' id='line_1_7' title="bbox 381 991 2136 1089; baseline 0.005 -18"><span class='ocrx_word' id='word_1_61' title='bbox 381 998 569 1071; x_wconf 78' lang='lat' dir='ltr'>Danubio</span> <span class='ocrx_word' id='word_1_62' title='bbox 599 1014 636 1070; x_wconf 92' lang='lat' dir='ltr'><strong>et</strong></span> <span class='ocrx_word' id='word_1_63' title='bbox 662 995 708 1066; x_wconf 90' lang='lat' dir='ltr'><strong>ab</strong></span> <span class='ocrx_word' id='word_1_64' title='bbox 738 994 944 1067; x_wconf 81' lang='lat' dir='ltr'><strong>Occidente</strong></span> <span class='ocrx_word' id='word_1_65' title='bbox 961 993 1120 1067; x_wconf 89' lang='lat' dir='ltr'><strong>Hieraso</strong></span> <span class='ocrx_word' id='word_1_66' title='bbox 1147 991 1289 1080; x_wconf 86' lang='lat' dir='ltr'><strong>fluvio,</strong></span> <span class='ocrx_word' id='word_1_67' title='bbox 1318 994 1384 1089; x_wconf 84' lang='lat' dir='ltr'><strong>qui</strong></span> <span class='ocrx_word' id='word_1_68' title='bbox 1400 1018 1508 1068; x_wconf 90' lang='lat' dir='ltr'><strong>nunc</strong></span> <span class='ocrx_word' id='word_1_69' title='bbox 1525 996 1646 1069; x_wconf 89' lang='lat' dir='ltr'><strong>Pruth</strong></span> <span class='ocrx_word' id='word_1_70' title='bbox 1666 1000 1794 1087; x_wconf 88' lang='lat' dir='ltr'><strong>audit,</strong></span> <span class='ocrx_word' id='word_1_71' title='bbox 1822 1002 2136 1080; x_wconf 85' lang='lat' dir='ltr'><strong>continebantur.</strong></span> 
     </span>
     <span class='ocr_line' id='line_1_8' title="bbox 379 1108 2157 1219; baseline 0.004 -28"><span class='ocrx_word' id='word_1_72' title='bbox 379 1122 426 1191; x_wconf 92' lang='lat' dir='ltr'><strong>In</strong></span> <span class='ocrx_word' id='word_1_73' title='bbox 454 1115 597 1189; x_wconf 87' lang='lat' dir='ltr'><strong>finibus</strong></span> <span class='ocrx_word' id='word_1_74' title='bbox 622 1108 736 1205; x_wconf 87' lang='lat' dir='ltr'><strong>hujus</strong></span> <span class='ocrx_word' id='word_1_75' title='bbox 754 1111 915 1208; x_wconf 89' lang='lat' dir='ltr'><strong>populi,</strong></span> <span class='ocrx_word' id='word_1_76' title='bbox 944 1112 1013 1209; x_wconf 81' lang='lat' dir='ltr'><strong>qui</strong></span> <span class='ocrx_word' id='word_1_77' title='bbox 1035 1110 1283 1183; x_wconf 88' lang='lat' dir='ltr'><strong>Occidentem</strong></span> <span class='ocrx_word' id='word_1_78' title='bbox 1307 1135 1440 1186; x_wconf 87' lang='lat' dir='ltr'><strong>versus</strong></span> <span class='ocrx_word' id='word_1_79' title='bbox 1466 1112 1631 1204; x_wconf 85' lang='lat' dir='ltr'><strong>fuerint,</strong></span> <span class='ocrx_word' id='word_1_80' title='bbox 1658 1117 1906 1219; x_wconf 80' lang='lat' dir='ltr'><strong>designandis</strong></span> <span class='ocrx_word' id='word_1_81' title='bbox 1932 1123 2021 1197; x_wconf 90' lang='lat' dir='ltr'><strong>loco</strong></span> <span class='ocrx_word' id='word_1_82' title='bbox 2047 1124 2157 1209; x_wconf 51' lang='lat' dir='ltr'><strong>Amr</strong></span> 
     </span>
     <span class='ocr_line' id='line_1_9' title="bbox 381 1230 2139 1328; baseline 0.005 -21"><span class='ocrx_word' id='word_1_83' title='bbox 381 1230 505 1307; x_wconf 89' lang='lat' dir='ltr'><strong>miani</strong></span> <span class='ocrx_word' id='word_1_84' title='bbox 531 1232 591 1307; x_wconf 91' lang='lat' dir='ltr'><strong>usi</strong></span> <span class='ocrx_word' id='word_1_85' title='bbox 620 1254 772 1313; x_wconf 84' lang='lat' dir='ltr'><strong>sumus,</strong></span> <span class='ocrx_word' id='word_1_86' title='bbox 802 1232 889 1326; x_wconf 90' lang='lat' dir='ltr'><strong>qui,</strong></span> <span class='ocrx_word' id='word_1_87' title='bbox 918 1247 963 1301; x_wconf 90' lang='lat' dir='ltr'><strong>ut</strong></span> <span class='ocrx_word' id='word_1_88' title='bbox 984 1254 1090 1302; x_wconf 91' lang='lat' dir='ltr'><strong>nunc</strong></span> <span class='ocrx_word' id='word_1_89' title='bbox 1106 1230 1267 1328; x_wconf 82' lang='lat' dir='ltr'><strong>legitur,</strong></span> <span class='ocrx_word' id='word_1_90' title='bbox 1294 1256 1422 1303; x_wconf 87' lang='lat' dir='ltr'><strong>revera</strong></span> <span class='ocrx_word' id='word_1_91' title='bbox 1440 1234 1560 1305; x_wconf 88' lang='lat' dir='ltr'><strong>alium</strong></span> <span class='ocrx_word' id='word_1_92' title='bbox 1580 1236 1737 1314; x_wconf 78' lang='lat' dir='ltr'><strong>exhibet</strong></span> <span class='ocrx_word' id='word_1_93' title='bbox 1756 1263 1924 1314; x_wconf 90' lang='lat' dir='ltr'><strong>sensum.</strong></span> <span class='ocrx_word' id='word_1_94' title='bbox 1978 1248 2025 1314; x_wconf 93' lang='lat' dir='ltr'><strong>In</strong></span> <span class='ocrx_word' id='word_1_95' title='bbox 2048 1242 2139 1315; x_wconf 91' lang='lat' dir='ltr'><strong>Am·</strong></span> 
     </span>
     <span class='ocr_line' id='line_1_10' title="bbox 379 1346 2136 1447; baseline 0.004 -21"><span class='ocrx_word' id='word_1_96' title='bbox 379 1354 512 1427; x_wconf 89' lang='lat' dir='ltr'><strong>miano</strong></span> <span class='ocrx_word' id='word_1_97' title='bbox 542 1351 647 1423; x_wconf 93' lang='lat' dir='ltr'><strong>enim</strong></span> <span class='ocrx_word' id='word_1_98' title='bbox 668 1350 724 1423; x_wconf 89' lang='lat' dir='ltr'><strong>sic</strong></span> <span class='ocrx_word' id='word_1_99' title='bbox 753 1351 894 1447; x_wconf 83' lang='lat' dir='ltr'><strong>legitur</strong></span> <span class='ocrx_word' id='word_1_100' title='bbox 912 1346 1075 1444; x_wconf 86' lang='lat' dir='ltr'><strong>(XXXI,</strong></span> <span class='ocrx_word' id='word_1_101' title='bbox 1106 1350 1172 1438; x_wconf 78' lang='lat'><strong>5):</strong></span> <span class='ocrx_word' id='word_1_102' title='bbox 1226 1348 1512 1433; x_wconf 83' lang='lat' dir='ltr'><strong>„Athanaricus</strong></span> <span class='ocrx_word' id='word_1_103' title='bbox 1530 1375 1552 1424; x_wconf 87' lang='lat' dir='ltr'><strong>a</strong></span> <span class='ocrx_word' id='word_1_104' title='bbox 1569 1356 1784 1447; x_wconf 84' lang='lat' dir='ltr'><strong>superciliis</strong></span> <span class='ocrx_word' id='word_1_105' title='bbox 1813 1360 1941 1433; x_wconf 87' lang='lat' dir='ltr'><strong>Gerasi</strong></span> <span class='ocrx_word' id='word_1_106' title='bbox 1963 1359 2136 1435; x_wconf 87' lang='lat' dir='ltr'><strong>fluminis</strong></span> 
     </span>
     <span class='ocr_line' id='line_1_11' title="bbox 380 1460 2134 1577; baseline 0.003 -34"><span class='ocrx_word' id='word_1_107' title='bbox 380 1473 549 1567; x_wconf 89' lang='lat' dir='ltr'><strong>adusque</strong></span> <span class='ocrx_word' id='word_1_108' title='bbox 570 1460 812 1542; x_wconf 84' lang='lat' dir='ltr'><strong>Danubium</strong></span> <span class='ocrx_word' id='word_1_109' title='bbox 852 1466 1091 1561; x_wconf 74' lang='lat' dir='ltr'><strong>Taifalorum</strong></span> <span class='ocrx_word' id='word_1_110' title='bbox 1128 1483 1245 1539; x_wconf 89' lang='lat' dir='ltr'><strong>terras</strong></span> <span class='ocrx_word' id='word_1_111' title='bbox 1286 1468 1570 1566; x_wconf 83' lang='lat' dir='ltr'><strong>praestringens</strong></span> <span class='ocrx_word' id='word_1_112' title='bbox 1605 1494 1737 1545; x_wconf 88' lang='lat' dir='ltr'><strong>muros</strong></span> <span class='ocrx_word' id='word_1_113' title='bbox 1771 1476 1884 1548; x_wconf 88' lang='lat' dir='ltr'><strong>altius</strong></span> <span class='ocrx_word' id='word_1_114' title='bbox 1919 1478 2097 1577; x_wconf 75' lang='lat' dir='ltr'><strong>erigebat</strong></span> <span class='ocrx_word' id='word_1_115' title='bbox 2109 1484 2134 1518; x_wconf 82' lang='lat'><strong>¹⁴</strong></span> 
     </span>
     <span class='ocr_line' id='line_1_12' title="bbox 380 1572 2135 1686; baseline 0.002 -23"><span class='ocrx_word' id='word_1_116' title='bbox 380 1592 561 1663; x_wconf 89' lang='lat' dir='ltr'><strong>Attamen</strong></span> <span class='ocrx_word' id='word_1_117' title='bbox 597 1572 771 1661; x_wconf 88' lang='lat' dir='ltr'><strong>Ludenii</strong></span> <span class='ocrx_word' id='word_1_118' title='bbox 801 1584 1011 1671; x_wconf 89' lang='lat' dir='ltr'><strong>s&#39;ententia,</strong></span> <span class='ocrx_word' id='word_1_119' title='bbox 1047 1584 1115 1682; x_wconf 92' lang='lat' dir='ltr'><strong>qui</strong></span> <span class='ocrx_word' id='word_1_120' title='bbox 1141 1584 1272 1658; x_wconf 89' lang='lat' dir='ltr'><strong>Gerasi</strong></span> <span class='ocrx_word' id='word_1_121' title='bbox 1299 1586 1614 1683; x_wconf 85' lang='lat' dir='ltr'><strong>praestringentis</strong></span> <span class='ocrx_word' id='word_1_122' title='bbox 1645 1590 1853 1686; x_wconf 86' lang='lat' dir='ltr'><strong>legendum</strong></span> <span class='ocrx_word' id='word_1_123' title='bbox 1884 1617 1965 1665; x_wconf 84' lang='lat' dir='ltr'><strong>esse</strong></span> <span class='ocrx_word' id='word_1_124' title='bbox 1995 1610 2135 1675; x_wconf 87' lang='lat' dir='ltr'><strong>censet,</strong></span> 
     </span>
     <span class='ocr_line' id='line_1_13' title="bbox 380 1702 2176 1799; baseline 0.005 -20"><span class='ocrx_word' id='word_1_125' title='bbox 380 1707 443 1781; x_wconf 88' lang='lat' dir='ltr'><strong>his</strong></span> <span class='ocrx_word' id='word_1_126' title='bbox 471 1706 667 1780; x_wconf 87' lang='lat' dir='ltr'><strong>decausis</strong></span> <span class='ocrx_word' id='word_1_127' title='bbox 696 1704 794 1775; x_wconf 90' lang='lat' dir='ltr'><strong>mihi</strong></span> <span class='ocrx_word' id='word_1_128' title='bbox 829 1703 1030 1798; x_wconf 75' lang='lat' dir='ltr'><strong>probatura</strong></span> <span class='ocrx_word' id='word_1_129' title='bbox 1059 1704 1101 1793; x_wconf 87' lang='lat' dir='ltr'><strong>o)</strong></span> <span class='ocrx_word' id='word_1_130' title='bbox 1137 1702 1294 1789; x_wconf 86' lang='lat' dir='ltr'><strong>Lectio,</strong></span> <span class='ocrx_word' id='word_1_131' title='bbox 1330 1725 1425 1799; x_wconf 90' lang='lat' dir='ltr'><strong>quae</strong></span> <span class='ocrx_word' id='word_1_132' title='bbox 1452 1727 1561 1776; x_wconf 87' lang='lat' dir='ltr'><strong>nunc</strong></span> <span class='ocrx_word' id='word_1_133' title='bbox 1595 1704 1640 1777; x_wconf 90' lang='lat' dir='ltr'><strong>in</strong></span> <span class='ocrx_word' id='word_1_134' title='bbox 1667 1705 1868 1779; x_wconf 89' lang='lat' dir='ltr'><strong>Ammiani</strong></span> <span class='ocrx_word' id='word_1_135' title='bbox 1897 1709 2138 1788; x_wconf 80' lang='lat' dir='ltr'><strong>editionibus</strong></span> <span class='ocrx_word' id='word_1_136' title='bbox 2174 1721 2176 1730; x_wconf 89' lang='lat'>&#39;</span> 
     </span>
     <span class='ocr_line' id='line_1_14' title="bbox 382 1821 2138 1917; baseline -0.001 -17"><span class='ocrx_word' id='word_1_137' title='bbox 382 1843 523 1914; x_wconf 81' lang='lat' dir='ltr'><strong>exstat,</strong></span> <span class='ocrx_word' id='word_1_138' title='bbox 558 1825 648 1897; x_wconf 90' lang='lat' dir='ltr'><strong>inde</strong></span> <span class='ocrx_word' id='word_1_139' title='bbox 683 1823 834 1895; x_wconf 88' lang='lat' dir='ltr'><strong>videtur</strong></span> <span class='ocrx_word' id='word_1_140' title='bbox 870 1838 979 1907; x_wconf 89' lang='lat' dir='ltr'><strong>nata,</strong></span> <span class='ocrx_word' id='word_1_141' title='bbox 1016 1822 1139 1917; x_wconf 88' lang='lat' dir='ltr'><strong>quod,</strong></span> <span class='ocrx_word' id='word_1_142' title='bbox 1176 1846 1266 1893; x_wconf 90' lang='lat' dir='ltr'><strong>cum</strong></span> <span class='ocrx_word' id='word_1_143' title='bbox 1300 1821 1551 1895; x_wconf 84' lang='lat' dir='ltr'><strong>Athanaricus</strong></span> <span class='ocrx_word' id='word_1_144' title='bbox 1588 1846 1721 1895; x_wconf 90' lang='lat' dir='ltr'><strong>muros</strong></span> <span class='ocrx_word' id='word_1_145' title='bbox 1752 1828 1936 1900; x_wconf 87' lang='lat' dir='ltr'><strong>aGeraso</strong></span> <span class='ocrx_word' id='word_1_146' title='bbox 1976 1824 2138 1899; x_wconf 80' lang='lat' dir='ltr'><strong>flumine</strong></span> 
     </span>
     <span class='ocr_line' id='line_1_15' title="bbox 382 1939 2137 2041; baseline -0.001 -24"><span class='ocrx_word' id='word_1_147' title='bbox 382 1945 546 2017; x_wconf 86' lang='lat' dir='ltr'><strong>erexisse</strong></span> <span class='ocrx_word' id='word_1_148' title='bbox 573 1942 739 2026; x_wconf 88' lang='lat' dir='ltr'><strong>dicetur,</strong></span> <span class='ocrx_word' id='word_1_149' title='bbox 778 1941 909 2024; x_wconf 89' lang='lat' dir='ltr'><strong>locus,</strong></span> <span class='ocrx_word' id='word_1_150' title='bbox 939 1964 1110 2036; x_wconf 90' lang='lat' dir='ltr'><strong>quosque</strong></span> <span class='ocrx_word' id='word_1_151' title='bbox 1135 1962 1269 2011; x_wconf 88' lang='lat' dir='ltr'><strong>muros</strong></span> <span class='ocrx_word' id='word_1_152' title='bbox 1296 1939 1572 2019; x_wconf 84' lang='lat' dir='ltr'><strong>aedificaverit,</strong></span> <span class='ocrx_word' id='word_1_153' title='bbox 1608 1939 1722 2022; x_wconf 70' lang='lat' dir='ltr'><strong>iacile</strong></span> <span class='ocrx_word' id='word_1_154' title='bbox 1751 1942 1957 2014; x_wconf 88' lang='lat' dir='ltr'><strong>desiderari</strong></span> <span class='ocrx_word' id='word_1_155' title='bbox 1981 1944 2137 2041; x_wconf 79' lang='lat' dir='ltr'><strong>potuit3</strong></span> 
     </span>
     <span class='ocr_line' id='line_1_16' title="bbox 380 2048 2137 2157; baseline -0.001 -22"><span class='ocrx_word' id='word_1_156' title='bbox 380 2063 511 2156; x_wconf 84' lang='lat' dir='ltr'><strong>itaque</strong></span> <span class='ocrx_word' id='word_1_157' title='bbox 536 2062 713 2131; x_wconf 90' lang='lat' dir='ltr'><strong>locorum</strong></span> <span class='ocrx_word' id='word_1_158' title='bbox 741 2073 778 2129; x_wconf 89' lang='lat' dir='ltr'><strong>et</strong></span> <span class='ocrx_word' id='word_1_159' title='bbox 804 2081 930 2131; x_wconf 84' lang='lat' dir='ltr'><strong>rerum</strong></span> <span class='ocrx_word' id='word_1_160' title='bbox 959 2074 1152 2156; x_wconf 85' lang='lat' dir='ltr'><strong>gestarum</strong></span> <span class='ocrx_word' id='word_1_161' title='bbox 1182 2056 1313 2157; x_wconf 84' lang='lat' dir='ltr'><strong>ignari</strong></span> <span class='ocrx_word' id='word_1_162' title='bbox 1347 2056 1541 2154; x_wconf 89' lang='lat' dir='ltr'><strong>usquead</strong></span> <span class='ocrx_word' id='word_1_163' title='bbox 1571 2048 1799 2131; x_wconf 87' lang='lat' dir='ltr'><strong>Danubium</strong></span> <span class='ocrx_word' id='word_1_164' title='bbox 1828 2084 1962 2133; x_wconf 89' lang='lat' dir='ltr'><strong>muros</strong></span> <span class='ocrx_word' id='word_1_165' title='bbox 1992 2079 2137 2135; x_wconf 88' lang='lat' dir='ltr'><strong>erectos</strong></span> 
     </span>
    </p>
   </div>
   <div class='ocr_carea' id='block_1_3' title="bbox 179 2164 2140 2394">
    <p class='ocr_par' dir='ltr' id='par_1_3' title="bbox 179 2164 2140 2394">
     <span class='ocr_line' id='line_1_17' title="bbox 179 2164 2140 2289; baseline 0 -37"><span class='ocrx_word' id='word_1_166' title='bbox 179 2164 184 2171; x_wconf 44' lang='lat'>⁵</span> <span class='ocrx_word' id='word_1_167' title='bbox 227 2224 234 2231; x_wconf 94' lang='lat'>-</span> <span class='ocrx_word' id='word_1_168' title='bbox 322 2198 332 2209; x_wconf 78' lang='grc'><strong>’</strong></span> <span class='ocrx_word' id='word_1_169' title='bbox 383 2202 463 2289; x_wconf 70' lang='lat' dir='ltr'><strong>esse</strong></span> <span class='ocrx_word' id='word_1_170' title='bbox 487 2176 672 2275; x_wconf 85' lang='lat' dir='ltr'><strong>suspicati</strong></span> <span class='ocrx_word' id='word_1_171' title='bbox 698 2193 801 2248; x_wconf 92' lang='lat' dir='ltr'><strong>sunt.</strong></span> <span class='ocrx_word' id='word_1_172' title='bbox 856 2182 1063 2273; x_wconf 84' lang='lat' dir='ltr'><strong>Quousque</strong></span> <span class='ocrx_word' id='word_1_173' title='bbox 1089 2193 1217 2249; x_wconf 90' lang='lat' dir='ltr'><strong>autem</strong></span> <span class='ocrx_word' id='word_1_174' title='bbox 1248 2200 1375 2250; x_wconf 82' lang='lat' dir='ltr'><strong>revera</strong></span> <span class='ocrx_word' id='word_1_175' title='bbox 1402 2177 1563 2251; x_wconf 83' lang='lat' dir='ltr'><strong>erexerit</strong></span> <span class='ocrx_word' id='word_1_176' title='bbox 1587 2176 1840 2250; x_wconf 85' lang='lat' dir='ltr'><strong>Athanaricus</strong></span> <span class='ocrx_word' id='word_1_177' title='bbox 1866 2199 2019 2265; x_wconf 87' lang='lat' dir='ltr'><strong>muros,</strong></span> <span class='ocrx_word' id='word_1_178' title='bbox 2055 2202 2140 2253; x_wconf 87' lang='lat' dir='ltr'><strong>eam</strong></span> 
     </span>
     <span class='ocr_line' id='line_1_18' title="bbox 227 2291 2140 2394; baseline -0.002 -21"><span class='ocrx_word' id='word_1_179' title='bbox 227 2366 231 2373; x_wconf 92' lang='lat'>.</span> <span class='ocrx_word' id='word_1_180' title='bbox 281 2316 286 2326; x_wconf 73' lang='grc'><strong>“</strong></span> <span class='ocrx_word' id='word_1_181' title='bbox 339 2352 343 2359; x_wconf 81' lang='grc'>.</span> <span class='ocrx_word' id='word_1_182' title='bbox 383 2296 434 2369; x_wconf 94' lang='lat' dir='ltr'><strong>ob</strong></span> <span class='ocrx_word' id='word_1_183' title='bbox 463 2320 616 2369; x_wconf 86' lang='lat' dir='ltr'><strong>causam</strong></span> <span class='ocrx_word' id='word_1_184' title='bbox 643 2318 727 2367; x_wconf 93' lang='lat' dir='ltr'><strong>non</strong></span> <span class='ocrx_word' id='word_1_185' title='bbox 763 2292 948 2367; x_wconf 90' lang='lat' dir='ltr'><strong>traditum</strong></span> <span class='ocrx_word' id='word_1_186' title='bbox 984 2310 1059 2381; x_wconf 87' lang='lat' dir='ltr'><strong>est,</strong></span> <span class='ocrx_word' id='word_1_187' title='bbox 1096 2293 1201 2392; x_wconf 88' lang='lat' dir='ltr'><strong>quod</strong></span> <span class='ocrx_word' id='word_1_188' title='bbox 1227 2295 1385 2372; x_wconf 87' lang='lat' dir='ltr'><strong>Hunnis</strong></span> <span class='ocrx_word' id='word_1_189' title='bbox 1420 2293 1783 2391; x_wconf 85' lang='lat' dir='ltr'><strong>supervenientibus</strong></span> <span class='ocrx_word' id='word_1_190' title='bbox 1817 2296 1860 2367; x_wconf 90' lang='lat' dir='ltr'><strong>in</strong></span> <span class='ocrx_word' id='word_1_191' title='bbox 1888 2317 2003 2392; x_wconf 87' lang='lat' dir='ltr'><strong>opere</strong></span> <span class='ocrx_word' id='word_1_192' title='bbox 2028 2291 2140 2394; x_wconf 86' lang='lat' dir='ltr'><strong>perfi-</strong></span> 
     </span>
    </p>
   </div>
   <div class='ocr_carea' id='block_1_4' title="bbox 383 2403 2171 2508">
    <p class='ocr_par' dir='ltr' id='par_1_4' title="bbox 383 2403 2171 2508">
     <span class='ocr_line' id='line_1_19' title="bbox 383 2403 2171 2508; baseline 0.003 -21"><span class='ocrx_word' id='word_1_193' title='bbox 383 2413 520 2487; x_wconf 92' lang='lat' dir='ltr'><strong>ciendo</strong></span> <span class='ocrx_word' id='word_1_194' title='bbox 546 2403 2171 2508; x_wconf 64' lang='lat' dir='ltr'><strong>impediebam!</strong></span> 
     </span>
    </p>
   </div>
   <div class='ocr_carea' id='block_1_5' title="bbox 382 2488 2140 2747">
    <p class='ocr_par' dir='ltr' id='par_1_5' title="bbox 382 2488 2140 2747">
     <span class='ocr_line' id='line_1_20' title="bbox 486 2488 2140 2629; baseline 0.001 -24"><span class='ocrx_word' id='word_1_195' title='bbox 486 2532 525 2623; x_wconf 84' lang='lat' dir='ltr'><strong>b)</strong></span> <span class='ocrx_word' id='word_1_196' title='bbox 551 2534 585 2603; x_wconf 95' lang='lat' dir='ltr'><strong>A</strong></span> <span class='ocrx_word' id='word_1_197' title='bbox 611 2532 825 2628; x_wconf 88' lang='lat' dir='ltr'><strong>superciliis</strong></span> <span class='ocrx_word' id='word_1_198' title='bbox 853 2524 1043 2622; x_wconf 81' lang='lat' dir='ltr'><strong>⁸)Gerasi</strong></span> <span class='ocrx_word' id='word_1_199' title='bbox 1079 2488 1250 2629; x_wconf 84' lang='lat' dir='ltr'><strong>adusque</strong></span> <span class='ocrx_word' id='word_1_200' title='bbox 1275 2532 1504 2608; x_wconf 84' lang='lat' dir='ltr'><strong>Danubium</strong></span> <span class='ocrx_word' id='word_1_201' title='bbox 1536 2556 1672 2605; x_wconf 90' lang='lat' dir='ltr'><strong>muros</strong></span> <span class='ocrx_word' id='word_1_202' title='bbox 1707 2533 1870 2629; x_wconf 87' lang='lat' dir='ltr'><strong>erigere,</strong></span> <span class='ocrx_word' id='word_1_203' title='bbox 1908 2554 1994 2607; x_wconf 91' lang='lat' dir='ltr'><strong>non</strong></span> <span class='ocrx_word' id='word_1_204' title='bbox 2020 2531 2140 2609; x_wconf 87' lang='lat' dir='ltr'><strong>modo</strong></span> 
     </span>
     <span class='ocr_line' id='line_1_21' title="bbox 382 2648 1195 2747; baseline -0.014 -26"><span class='ocrx_word' id='word_1_205' title='bbox 382 2649 573 2747; x_wconf 81' lang='lat' dir='ltr'><strong>longum,</strong></span> <span class='ocrx_word' id='word_1_206' title='bbox 601 2649 667 2721; x_wconf 80' lang='lat' dir='ltr'><strong>sed</strong></span> <span class='ocrx_word' id='word_1_207' title='bbox 696 2650 860 2717; x_wconf 87' lang='lat' dir='ltr'><strong>omnino</strong></span> <span class='ocrx_word' id='word_1_208' title='bbox 886 2650 1027 2744; x_wconf 57' lang='lat' dir='ltr'><strong>inutile</strong></span> <span class='ocrx_word' id='word_1_209' title='bbox 1052 2648 1142 2713; x_wconf 84' lang='lat' dir='ltr'><strong>fuit.</strong></span> <span class='ocrx_word' id='word_1_210' title='bbox 1187 2684 1195 2691; x_wconf 88' lang='lat'>-</span> 
     </span>
    </p>
   </div>
   <div class='ocr_carea' id='block_1_6' title="bbox 350 2710 2170 4167">
    <p class='ocr_par' dir='ltr' id='par_1_6' title="bbox 383 2710 2143 3331">
     <span class='ocr_line' id='line_1_22' title="bbox 487 2710 2141 2859; baseline 0.004 -23.07"><span class='ocrx_word' id='word_1_211' title='bbox 487 2764 523 2859; x_wconf 89' lang='lat' dir='ltr'><strong>e)</strong></span> <span class='ocrx_word' id='word_1_212' title='bbox 550 2765 777 2837; x_wconf 88' lang='lat' dir='ltr'><strong>Ammianus</strong></span> <span class='ocrx_word' id='word_1_213' title='bbox 795 2760 914 2833; x_wconf 87' lang='lat' dir='ltr'><strong>verbo</strong></span> <span class='ocrx_word' id='word_1_214' title='bbox 932 2758 1278 2856; x_wconf 71' lang='lat' dir='ltr'><strong>preestr‘mgendi</strong></span> <span class='ocrx_word' id='word_1_215' title='bbox 1265 2782 1309 2829; x_wconf 85' lang='grc' dir='ltr'><strong>ιιι</strong></span> <span class='ocrx_word' id='word_1_216' title='bbox 1337 2710 1547 2835; x_wconf 80' lang='lat' dir='ltr'><strong>huminum</strong></span> <span class='ocrx_word' id='word_1_217' title='bbox 1572 2777 1725 2838; x_wconf 86' lang='lat' dir='ltr'><strong>tantum</strong></span> <span class='ocrx_word' id='word_1_218' title='bbox 1751 2786 1867 2838; x_wconf 88' lang='lat' dir='ltr'><strong>cursu</strong></span> <span class='ocrx_word' id='word_1_219' title='bbox 1892 2764 2141 2843; x_wconf 89' lang='lat' dir='ltr'><strong>describendo</strong></span> 
     </span>
     <span class='ocr_line' id='line_1_23' title="bbox 385 2876 2140 2983; baseline 0 -24"><span class='ocrx_word' id='word_1_220' title='bbox 385 2885 445 2967; x_wconf 89' lang='lat' dir='ltr'><strong>uti</strong></span> <span class='ocrx_word' id='word_1_221' title='bbox 472 2885 581 2957; x_wconf 90' lang='lat' dir='ltr'><strong>solet.</strong></span> <span class='ocrx_word' id='word_1_222' title='bbox 611 2883 659 2956; x_wconf 87' lang='lat' dir='ltr'><strong>cf.</strong></span> <span class='ocrx_word' id='word_1_223' title='bbox 688 2886 810 2966; x_wconf 82' lang='lat' dir='ltr'><strong>XXII,</strong></span> <span class='ocrx_word' id='word_1_224' title='bbox 839 2898 883 2966; x_wconf 71' lang='lat' dir='ltr'><strong>a:</strong></span> <span class='ocrx_word' id='word_1_225' title='bbox 937 2882 1101 2966; x_wconf 89' lang='lat' dir='ltr'><strong>„Tyros,</strong></span> <span class='ocrx_word' id='word_1_226' title='bbox 1129 2876 1283 2949; x_wconf 88' lang='lat' dir='ltr'><strong>colonia</strong></span> <span class='ocrx_word' id='word_1_227' title='bbox 1308 2878 1557 2964; x_wconf 86' lang='lat' dir='ltr'><strong>Phoenicum,</strong></span> <span class='ocrx_word' id='word_1_228' title='bbox 1584 2905 1700 2977; x_wconf 87' lang='lat' dir='ltr'><strong>quam</strong></span> <span class='ocrx_word' id='word_1_229' title='bbox 1726 2884 1973 2983; x_wconf 85' lang='lat' dir='ltr'><strong>praestringit</strong></span> <span class='ocrx_word' id='word_1_230' title='bbox 1997 2884 2140 2961; x_wconf 86' lang='lat' dir='ltr'><strong>fluvius</strong></span> 
     </span>
     <span class='ocr_line' id='line_1_24' title="bbox 386 2995 2143 3097; baseline 0.001 -22"><span class='ocrx_word' id='word_1_231' title='bbox 386 3008 547 3097; x_wconf 76' lang='lat' dir='ltr'><strong>Tyras.“</strong></span> <span class='ocrx_word' id='word_1_232' title='bbox 599 3008 731 3097; x_wconf 87' lang='lat' dir='ltr'><strong>Itaque</strong></span> <span class='ocrx_word' id='word_1_233' title='bbox 759 3004 942 3075; x_wconf 84' lang='lat' dir='ltr'><strong>Gerasum</strong></span> <span class='ocrx_word' id='word_1_234' title='bbox 983 2996 1083 3066; x_wconf 90' lang='lat' dir='ltr'><strong>inter</strong></span> <span class='ocrx_word' id='word_1_235' title='bbox 1117 2995 1358 3094; x_wconf 84' lang='lat' dir='ltr'><strong>Thervingos</strong></span> <span class='ocrx_word' id='word_1_236' title='bbox 1396 3013 1434 3071; x_wconf 91' lang='lat' dir='ltr'><strong>et</strong></span> <span class='ocrx_word' id='word_1_237' title='bbox 1460 2996 1631 3073; x_wconf 83' lang='lat' dir='ltr'><strong>Taifalos</strong></span> <span class='ocrx_word' id='word_1_238' title='bbox 1668 2999 1900 3075; x_wconf 84' lang='lat' dir='ltr'><strong>interfluisse</strong></span> <span class='ocrx_word' id='word_1_239' title='bbox 1934 3002 2143 3077; x_wconf 86' lang='lat' dir='ltr'><strong>verisimil-</strong></span> 
     </span>
     <span class='ocr_line' id='line_1_25' title="bbox 383 3103 2142 3215; baseline -0.001 -19"><span class='ocrx_word' id='word_1_240' title='bbox 383 3123 521 3197; x_wconf 89' lang='lat' dir='ltr'><strong>limum</strong></span> <span class='ocrx_word' id='word_1_241' title='bbox 552 3134 628 3205; x_wconf 80' lang='lat' dir='ltr'><strong>est,</strong></span> <span class='ocrx_word' id='word_1_242' title='bbox 665 3136 897 3211; x_wconf 86' lang='lat' dir='ltr'><strong>quamquam</strong></span> <span class='ocrx_word' id='word_1_243' title='bbox 931 3113 1023 3185; x_wconf 90' lang='lat' dir='ltr'><strong>illos</strong></span> <span class='ocrx_word' id='word_1_244' title='bbox 1048 3115 1189 3190; x_wconf 85' lang='lat' dir='ltr'><strong>Daciae</strong></span> <span class='ocrx_word' id='word_1_245' title='bbox 1226 3139 1379 3211; x_wconf 85' lang='lat' dir='ltr'><strong>quoque</strong></span> <span class='ocrx_word' id='word_1_246' title='bbox 1407 3131 1591 3210; x_wconf 80' lang='lat' dir='ltr'><strong>&#39;partem,</strong></span> <span class='ocrx_word' id='word_1_247' title='bbox 1627 3103 1771 3215; x_wconf 71' lang='lat' dir='ltr'><strong>quae&#39;a</strong></span> <span class='ocrx_word' id='word_1_248' title='bbox 1797 3118 1976 3196; x_wconf 78' lang='lat' dir='ltr'><strong>fontibus</strong></span> <span class='ocrx_word' id='word_1_249' title='bbox 2011 3122 2142 3197; x_wconf 85' lang='lat' dir='ltr'><strong>Gerasi</strong></span> 
     </span>
     <span class='ocr_line' id='line_1_26' title="bbox 387 3232 1399 3331; baseline -0.006 -19"><span class='ocrx_word' id='word_1_250' title='bbox 387 3240 633 3313; x_wconf 89' lang='lat' dir='ltr'><strong>Occidentem</strong></span> <span class='ocrx_word' id='word_1_251' title='bbox 660 3234 873 3329; x_wconf 88' lang='lat' dir='ltr'><strong>spectabat,</strong></span> <span class='ocrx_word' id='word_1_252' title='bbox 902 3233 1072 3305; x_wconf 88' lang='lat' dir='ltr'><strong>tenuisse</strong></span> <span class='ocrx_word' id='word_1_253' title='bbox 1099 3232 1200 3305; x_wconf 92' lang='lat' dir='ltr'><strong>haud</strong></span> <span class='ocrx_word' id='word_1_254' title='bbox 1226 3251 1399 3331; x_wconf 85' lang='lat' dir='ltr'><strong>negatur.</strong></span> 
     </span>
    </p>

    <p class='ocr_par' dir='ltr' id='par_1_7' title="bbox 350 3351 2170 4167">
     <span class='ocr_line' id='line_1_27' title="bbox 488 3351 2141 3454; baseline -0.001 -26"><span class='ocrx_word' id='word_1_255' title='bbox 488 3357 528 3429; x_wconf 86' lang='lat' dir='ltr'><strong>si</strong></span> <span class='ocrx_word' id='word_1_256' title='bbox 563 3354 783 3426; x_wconf 90' lang='lat' dir='ltr'><strong>Pollionem</strong></span> <span class='ocrx_word' id='word_1_257' title='bbox 818 3351 1029 3447; x_wconf 87' lang='lat' dir='ltr'><strong>exceperis,</strong></span> <span class='ocrx_word' id='word_1_258' title='bbox 1069 3352 1136 3423; x_wconf 89' lang='lat' dir='ltr'><strong>ubi</strong></span> <span class='ocrx_word' id='word_1_259' title='bbox 1181 3351 1493 3451; x_wconf 84' lang='lat' dir='ltr'><strong>Thervingorum</strong></span> <span class='ocrx_word' id='word_1_260' title='bbox 1539 3378 1687 3433; x_wconf 83' lang='lat' dir='ltr'><strong>nomen</strong></span> <span class='ocrx_word' id='word_1_261' title='bbox 1731 3370 1955 3451; x_wconf 89' lang='lat' dir='ltr'><strong>corruptum</strong></span> <span class='ocrx_word' id='word_1_262' title='bbox 1985 3355 2141 3454; x_wconf 44' lang='lat' dir='ltr'><strong>,legitur</strong></span> 
     </span>
     <span class='ocr_line' id='line_1_28' title="bbox 389 3468 2138 3567; baseline -0.001 -19"><span class='ocrx_word' id='word_1_263' title='bbox 389 3473 539 3567; x_wconf 88' lang='lat' dir='ltr'><strong>(Claud.</strong></span> <span class='ocrx_word' id='word_1_264' title='bbox 569 3475 624 3563; x_wconf 87' lang='lat'><strong>6),</strong></span> <span class='ocrx_word' id='word_1_265' title='bbox 661 3496 794 3543; x_wconf 91' lang='lat' dir='ltr'><strong>eorum</strong></span> <span class='ocrx_word' id='word_1_266' title='bbox 811 3494 957 3542; x_wconf 87' lang='lat' dir='ltr'><strong>nomen</strong></span> <span class='ocrx_word' id='word_1_267' title='bbox 984 3468 1085 3567; x_wconf 87' lang='lat' dir='ltr'><strong>apud</strong></span> <span class='ocrx_word' id='word_1_268' title='bbox 1101 3470 1382 3542; x_wconf 89' lang='lat' dir='ltr'><strong>Mamertinum</strong></span> <span class='ocrx_word' id='word_1_269' title='bbox 1406 3472 1449 3543; x_wconf 92' lang='lat' dir='ltr'><strong>in</strong></span> <span class='ocrx_word' id='word_1_270' title='bbox 1478 3472 1726 3546; x_wconf 89' lang='lat' dir='ltr'><strong>Genethliaco</strong></span> <span class='ocrx_word' id='word_1_271' title='bbox 1753 3471 1987 3545; x_wconf 85' lang='lat' dir='ltr'><strong>Maximiani</strong></span> <span class='ocrx_word' id='word_1_272' title='bbox 2015 3475 2069 3565; x_wconf 88' lang='lat' dir='ltr'><strong>(c.</strong></span> <span class='ocrx_word' id='word_1_273' title='bbox 2090 3478 2138 3547; x_wconf 83' lang='lat'><strong>16</strong></span> 
     </span>
     <span class='ocr_line' id='line_1_29' title="bbox 388 3587 2170 3687; baseline 0 -21"><span class='ocrx_word' id='word_1_274' title='bbox 388 3611 428 3667; x_wconf 89' lang='lat' dir='ltr'><strong>et</strong></span> <span class='ocrx_word' id='word_1_275' title='bbox 469 3595 542 3681; x_wconf 86' lang='lat'><strong>17)</strong></span> <span class='ocrx_word' id='word_1_276' title='bbox 580 3590 768 3675; x_wconf 88' lang='lat' dir='ltr'><strong>occurrit,</strong></span> <span class='ocrx_word' id='word_1_277' title='bbox 814 3590 880 3662; x_wconf 91' lang='lat' dir='ltr'><strong>ubi</strong></span> <span class='ocrx_word' id='word_1_278' title='bbox 919 3588 1135 3687; x_wconf 80' lang='lat' dir='ltr'><strong>Therringi</strong></span> <span class='ocrx_word' id='word_1_279' title='bbox 1179 3587 1359 3680; x_wconf 87' lang='lat' dir='ltr'><strong>adjuncta</strong></span> <span class='ocrx_word' id='word_1_280' title='bbox 1404 3613 1521 3661; x_wconf 87' lang='lat' dir='ltr'><strong>manu</strong></span> <span class='ocrx_word' id='word_1_281' title='bbox 1556 3589 1797 3664; x_wconf 87' lang='lat' dir='ltr'><strong>Taifalorum</strong></span> <span class='ocrx_word' id='word_1_282' title='bbox 1833 3616 1921 3664; x_wconf 87' lang='lat' dir='ltr'><strong>curn</strong></span> <span class='ocrx_word' id='word_1_283' title='bbox 1956 3592 2170 3677; x_wconf 72' lang='lat' dir='ltr'><strong>Vandalis,</strong></span> 
     </span>
     <span class='ocr_line' id='line_1_30' title="bbox 388 3708 2142 3811; baseline -0.001 -24"><span class='ocrx_word' id='word_1_284' title='bbox 388 3709 620 3807; x_wconf 88' lang='lat' dir='ltr'><strong>Gepidisque</strong></span> <span class='ocrx_word' id='word_1_285' title='bbox 662 3708 854 3781; x_wconf 90' lang='lat' dir='ltr'><strong>hostiliter</strong></span> <span class='ocrx_word' id='word_1_286' title='bbox 901 3708 1138 3793; x_wconf 86' lang='lat' dir='ltr'><strong>concurrisse</strong></span> <span class='ocrx_word' id='word_1_287' title='bbox 1182 3709 1374 3780; x_wconf 89' lang='lat' dir='ltr'><strong>dicuntur.</strong></span> <span class='ocrx_word' id='word_1_288' title='bbox 1410 3785 1413 3791; x_wconf 64' lang='grc'><strong>,</strong></span> <span class='ocrx_word' id='word_1_289' title='bbox 1453 3708 1511 3781; x_wconf 91' lang='lat' dir='ltr'><strong>Ab</strong></span> <span class='ocrx_word' id='word_1_290' title='bbox 1559 3710 1749 3805; x_wconf 88' lang='lat' dir='ltr'><strong>Eutropio</strong></span> <span class='ocrx_word' id='word_1_291' title='bbox 1789 3710 2006 3811; x_wconf 81' lang='lat' dir='ltr'><strong>Thervingi</strong></span> <span class='ocrx_word' id='word_1_292' title='bbox 2039 3710 2142 3785; x_wconf 89' lang='lat' dir='ltr'><strong>inter</strong></span> 
     </span>
     <span class='ocr_line' id='line_1_31' title="bbox 386 3828 2142 3931; baseline 0.001 -28"><span class='ocrx_word' id='word_1_293' title='bbox 386 3830 552 3931; x_wconf 88' lang='lat' dir='ltr'><strong>populos</strong></span> <span class='ocrx_word' id='word_1_294' title='bbox 579 3828 738 3900; x_wconf 86' lang='lat' dir='ltr'><strong>Daciam</strong></span> <span class='ocrx_word' id='word_1_295' title='bbox 765 3828 932 3899; x_wconf 90' lang='lat' dir='ltr'><strong>colentes</strong></span> <span class='ocrx_word' id='word_1_296' title='bbox 958 3843 1221 3899; x_wconf 90' lang='lat' dir='ltr'><strong>memorantur</strong></span> <span class='ocrx_word' id='word_1_297' title='bbox 1249 3828 1377 3915; x_wconf 90' lang='lat' dir='ltr'><strong>(VIII,</strong></span> <span class='ocrx_word' id='word_1_298' title='bbox 1406 3828 1462 3917; x_wconf 83' lang='lat' dir='ltr'><strong>o).</strong></span> <span class='ocrx_word' id='word_1_299' title='bbox 1515 3831 1608 3908; x_wconf 86' lang='lat' dir='ltr'><strong>Prae</strong></span> <span class='ocrx_word' id='word_1_300' title='bbox 1635 3828 1767 3903; x_wconf 89' lang='lat' dir='ltr'><strong>ceteris</strong></span> <span class='ocrx_word' id='word_1_301' title='bbox 1794 3848 1924 3900; x_wconf 90' lang='lat' dir='ltr'><strong>autem</strong></span> <span class='ocrx_word' id='word_1_302' title='bbox 1951 3830 2142 3906; x_wconf 85' lang='lat' dir='ltr'><strong>Thervin·</strong></span> 
     </span>
     <span class='ocr_line' id='line_1_32' title="bbox 350 3939 2142 4050; baseline 0 -29"><span class='ocrx_word' id='word_1_303' title='bbox 350 3958 354 3967; x_wconf 64' lang='lat'><strong>⁴</strong></span> <span class='ocrx_word' id='word_1_304' title='bbox 387 3974 524 4050; x_wconf 81' lang='lat' dir='ltr'><strong>gerum</strong></span> <span class='ocrx_word' id='word_1_305' title='bbox 550 3972 608 4021; x_wconf 88' lang='lat' dir='ltr'><strong>res</strong></span> <span class='ocrx_word' id='word_1_306' title='bbox 635 3944 758 4047; x_wconf 82' lang='lat' dir='ltr'><strong>gestas</strong></span> <span class='ocrx_word' id='word_1_307' title='bbox 782 3970 833 4020; x_wconf 87' lang='lat' dir='ltr'><strong>ex</strong></span> <span class='ocrx_word' id='word_1_308' title='bbox 858 3947 1075 4029; x_wconf 74' lang='lat' dir='ltr'><strong>Ammiano,</strong></span> <span class='ocrx_word' id='word_1_309' title='bbox 1091 3939 1274 4042; x_wconf 79' lang='lat' dir='ltr'><strong>cognosci</strong></span> <span class='ocrx_word' id='word_1_310' title='bbox 1299 3943 1400 4016; x_wconf 87' lang='lat' dir='ltr'><strong>licet.</strong></span> <span class='ocrx_word' id='word_1_311' title='bbox 1453 3945 1554 4018; x_wconf 90' lang='lat' dir='ltr'><strong>Ante</strong></span> <span class='ocrx_word' id='word_1_312' title='bbox 1581 3972 1714 4019; x_wconf 91' lang='lat' dir='ltr'><strong>omnes</strong></span> <span class='ocrx_word' id='word_1_313' title='bbox 1749 3947 1827 4019; x_wconf 90' lang='lat' dir='ltr'><strong>duo</strong></span> <span class='ocrx_word' id='word_1_314' title='bbox 1849 3944 1969 4038; x_wconf 84' lang='lat' dir='ltr'><strong>hujus</strong></span> <span class='ocrx_word' id='word_1_315' title='bbox 2004 3948 2142 4047; x_wconf 91' lang='lat' dir='ltr'><strong>populi</strong></span> 
     </span>
     <span class='ocr_line' id='line_1_33' title="bbox 386 4053 2140 4167; baseline -0.003 -23"><span class='ocrx_word' id='word_1_316' title='bbox 386 4068 463 4144; x_wconf 84' lang='lat' dir='ltr'><strong>viri</strong></span> <span class='ocrx_word' id='word_1_317' title='bbox 488 4084 527 4138; x_wconf 87' lang='lat' dir='ltr'><strong>et</strong></span> <span class='ocrx_word' id='word_1_318' title='bbox 551 4066 761 4142; x_wconf 85' lang='lat' dir='ltr'><strong>virtutibus</strong></span> <span class='ocrx_word' id='word_1_319' title='bbox 788 4082 827 4137; x_wconf 90' lang='lat' dir='ltr'><strong>et</strong></span> <span class='ocrx_word' id='word_1_320' title='bbox 852 4064 963 4137; x_wconf 90' lang='lat' dir='ltr'><strong>rebus</strong></span> <span class='ocrx_word' id='word_1_321' title='bbox 990 4064 1107 4167; x_wconf 84' lang='lat' dir='ltr'><strong>gestis</strong></span> <span class='ocrx_word' id='word_1_322' title='bbox 1134 4062 1287 4137; x_wconf 89' lang='lat' dir='ltr'><strong>nobiles</strong></span> <span class='ocrx_word' id='word_1_323' title='bbox 1314 4053 1513 4155; x_wconf 78' lang='lat' dir='ltr'><strong>exstitere,</strong></span> <span class='ocrx_word' id='word_1_324' title='bbox 1549 4065 1795 4164; x_wconf 84' lang='lat' dir='ltr'><strong>Fridigernus</strong></span> <span class='ocrx_word' id='word_1_325' title='bbox 1821 4083 1860 4137; x_wconf 89' lang='lat' dir='ltr'><strong>et</strong></span> <span class='ocrx_word' id='word_1_326' title='bbox 1885 4066 2140 4138; x_wconf 88' lang='lat' dir='ltr'><strong>Athanaricus</strong></span> 
     </span>
    </p>
   </div>
   <div class='ocr_carea' id='block_1_7' title="bbox 386 4290 2142 4531">
    <p class='ocr_par' dir='ltr' id='par_1_8' title="bbox 386 4290 2142 4531">
     <span class='ocr_line' id='line_1_34' title="bbox 396 4290 2142 4434; baseline 0.001 -33"><span class='ocrx_word' id='word_1_327' title='bbox 396 4357 399 4361; x_wconf 86' lang='lat'>·</span> <span class='ocrx_word' id='word_1_328' title='bbox 471 4342 507 4419; x_wconf 74' lang='grc'><strong>8)</strong></span> <span class='ocrx_word' id='word_1_329' title='bbox 538 4290 726 4425; x_wconf 71' lang='lat' dir='ltr'><strong>supercilia</strong></span> <span class='ocrx_word' id='word_1_330' title='bbox 749 4338 789 4401; x_wconf 87' lang='lat' dir='ltr'><strong>ab</strong></span> <span class='ocrx_word' id='word_1_331' title='bbox 821 4314 992 4401; x_wconf 76' lang='lat' dir='ltr'><strong>Ammiano</strong></span> <span class='ocrx_word' id='word_1_332' title='bbox 1021 4336 1220 4434; x_wconf 81' lang='lat' dir='ltr'><strong>¹simplicitet</strong></span> <span class='ocrx_word' id='word_1_333' title='bbox 1305 4351 1346 4414; x_wconf 77' lang='lat'><strong>7²</strong></span> <span class='ocrx_word' id='word_1_334' title='bbox 1370 4339 1544 4423; x_wconf 84' lang='lat' dir='ltr'><strong>supercilia</strong></span> <span class='ocrx_word' id='word_1_335' title='bbox 1566 4336 1649 4402; x_wconf 90' lang='lat' dir='ltr'><strong>Nili·</strong></span> <span class='ocrx_word' id='word_1_336' title='bbox 1672 4336 1771 4413; x_wconf 84' lang='lat' dir='ltr'><strong>XVI,</strong></span> <span class='ocrx_word' id='word_1_337' title='bbox 1797 4352 1855 4399; x_wconf 87' lang='lat'><strong>10:</strong></span> <span class='ocrx_word' id='word_1_338' title='bbox 1889 4336 2000 4403; x_wconf 82' lang='lat' dir='ltr'><strong>Rheni</strong></span> <span class='ocrx_word' id='word_1_339' title='bbox 2030 4360 2142 4424; x_wconf 84' lang='lat' dir='ltr'><strong>super·</strong></span> 
     </span>
     <span class='ocr_line' id='line_1_35' title="bbox 386 4434 1395 4531; baseline -0.003 -26"><span class='ocrx_word' id='word_1_340' title='bbox 386 4440 557 4507; x_wconf 84' lang='lat' dir='ltr'><strong>fluminum</strong></span> <span class='ocrx_word' id='word_1_341' title='bbox 588 4442 678 4527; x_wconf 85' lang='lat' dir='ltr'><strong>ripae</strong></span> <span class='ocrx_word' id='word_1_342' title='bbox 707 4443 840 4506; x_wconf 84' lang='lat' dir='ltr'><strong>altiores</strong></span> <span class='ocrx_word' id='word_1_343' title='bbox 873 4434 1037 4531; x_wconf 79' lang='lat' dir='ltr'><strong>dicuntur.</strong></span> <span class='ocrx_word' id='word_1_344' title='bbox 1058 4441 1101 4505; x_wconf 84' lang='lat' dir='ltr'><strong>cf.</strong></span> <span class='ocrx_word' id='word_1_345' title='bbox 1125 4438 1217 4519; x_wconf 85' lang='lat' dir='ltr'><strong>XIV,</strong></span> <span class='ocrx_word' id='word_1_346' title='bbox 1307 4440 1395 4505; x_wconf 86' lang='lat' dir='ltr'><strong>cilia.</strong></span> 
     </span>
    </p>
   </div>
   <div class='ocr_carea' id='block_1_8' title="bbox 0 0 2408 5567">
    <p class='ocr_par' dir='ltr' id='par_1_9' title="bbox 0 0 2408 5567">
     <span class='ocr_line' id='line_1_36' title="bbox 0 0 2408 5567; baseline 0 0"><span class='ocrx_word' id='word_1_347' title='bbox 0 0 2408 5567; x_wconf 95' lang='lat' dir='ltr'><strong> </strong></span> 
     </span>
    </p>
   </div>
  </div>
 </body>
</html>
