4800 5567
787 196 1362 303 0-113-

308 436 458 520 credasr
494 450 533 507 at
558 428 720 507 fortasse
745 426 984 515 Ammianus,
1012 450 1107 525 quse
1127 425 1180 525 ‚de
1205 423 1339 499 Alanis
1365 440 1518 499 tantum
1534 425 1746 521 Europaeis
1765 402 1925 502 dicenda
1940 447 2060 517 erant,

306 555 354 625 ad
389 552 617 627 universum
650 574 794 625 nomen
820 546 965 621 retulit.
1016 546 1127 619 Unde
1163 560 1293 615 autem
1328 545 1523 632 evenerit,
1558 563 1604 617 ut
1636 544 1753 618 Alani
1787 549 1978 645 Europaei
2011 550 2058 621 ab

296 670 462 745 ‹Hunnis
490 668 705 766 oppugnati
730 678 854 762 neq'ue
880 664 928 741 sd
953 664 1189 760 reliquorum
1219 660 1436 770 Gothorum
1462 680 1500 735 et
1523 688 1614 759 prae
1640 665 1779 737 ceteris,
1800 664 1847 737 ad
1865 666 2058 739 Gruthun-

302 814 445 889 gorum
479 784 648 861 subsidia
685 784 959 881 confugerent,
995 806 1135 878 neque·
1154 774 1231 875 ipsi
1263 781 1488 881 ’Gruthungi
1525 783 1658 857 Alanis
1695 781 1841 856 auxilio
1867 784 2056 872 venirent,

203 994 208 999 .
299 906 490 1001 stantque
518 904 674 980 Gothici
699 901 872 977 no'minis
900 900 1015 975 obliti
1039 926 1116 973 una
1145 925 1234 973 cum
1269 899 1427 973 Hannis
1463 899 1711 1009 Gruthungos
1749 902 2055 1001 aggrederentur,

300 1023 415 1117 hujus
444 1024 500 1097 rei
529 1040 628 1099 certa
659 1022 816 1119 quidem
843 1044 955 1095 causa
984 1042 1068 1092 non
1097 1034 1231 1104 exstat,
1260 1035 1428 1090 attamen
1452 1042 1534 1092 eam
1561 1045 1608 1093 ex
1634 1044 1762 1093 rerum
1781 1038 1884 1094 statu
1909 1019 2056 1111 conjici

299 1141 401 1217 lieet.
430 1144 748 1241 Gruthungorum
773 1136 891 1226 enim,
924 1138 1021 1211 alius
1046 1137 1183 1234 populi
1212 1137 1455 1223 Gothici,·res
1472 1153 1567 1211 tunc
1592 1139 1778 1235 temporis
1803 1164 1872 1237 per
1895 1144 2055 1211 Herma·

297 1263 476 1335 naricum
504 1283 633 1359 regem
664 1256 711 1331 ad
737 1270 932 1331 summum
958 1256 1153 1352 potentiae
1182 1274 1221 1327 et
1252 1256 1396 1353 gloriae
1420 1255 1579 1355 gradum
1609 1275 1758 1331 evectae
1780 1258 1949 1332 fuerunt.
1990 1257 2054 1331 vi-

294 1378 412 1453 detur
437 1394 565 1450 autem
590 1376 888 1452 Harmanaricus
917 1392 1002 1455 non'
1016 1374 1159 1457 ,solum
1185 1372 1288 1469 apud
1309 1392 1441 1471 gentes
1464 1376 1682 1474 peregrinas
1698 1374 1884 1450 victoriae
1902 1376 2054 1472 copiam

299 1496 541 1594 quaesivisse,
570 1493 636 1572 sed
670 1495 784 1567 etiem
814 1492 983 1590 populos
1015 1492 1136 1567 libero
1164 1490 1318 1599 foedere
1347 1516 1436 1565 cum
1466 1494 1705 1593 Gruthungis
1732 1487 1978 1585 conjunctos,
2009 1512 2054 1566 ut

300 1614 442 1687 ditioni
475 1609 813 1702 suaesubjiceret,
861 1626 1058 1709 aggressus
1086 1634 1177 1685 esse.
1230 1610 1357 1705 (Jorn.
1393 1634 1426 1683 o.
1461 1608 1556 1715 aa).
1609 1618 1759 1711 Quare
1794 1636 1883 1685 cum
1912 1633 2053 1709 magna

279 1728 513 1805 'somatum
543 1754 630 1825 pers
646 1727 748 1806 odio
782 1727 826 1803 in
856 1730 1107 1829 Gruthungos
1141 1728 1328 1829 flagraret,
1363 1726 1510 1813 factum
1542 1728 1694 1804 videtur
1730 1755 1822 1818 esse,
1866 1747 1912 1802 ut
1937 1731 2053 1801 Alani

294 1864 385 1946 post
409 1848 554 1945 proelia
581 1848 731 1945 aliquot
756 1872 844 1927 cum
869 1848 1028 1932 Hunnis
1051 1846 1253 1939 conjuncti
1278 1865 1412 1923 contra
1440 1848 1548 1945 ipsos
1573 1848 1825 1949 Gruthungos
1846 1856 1948 1921 arma
1974 1846 2051 1921 fer·

295 1982 393 2039 rent.
445 1964 579 2061 Itaque
603 1966 864 2061 perlongum
889 1982 1041 2059 tempus
1071 1970 1319 2043 Hunnorum
1335 1965 1602 2063 expeditiones
1629 1969 1673 2041 in
1698 1984 1816 2041 terras
1834 1968 2050 2041 occidenta-

295 2084 352 2157 les
369 2082 492 2155 secuti
510 2092 619 2155 sexto
637 2102 792 2177 quoque
821 2084 973 2158 saeculo
1001 2082 1191 2163 moribus
1220 2084 1434 2181 gentilibus
1460 2086 1632 2159 adstricti
1657 2103 1894 2185 comparent.

396 2202 496 2271 Data
527 2214 655 2271 autem
687 2198 902 2283 occasione,
930 2200 1124 2297 quaedam*
1143 2202 1189 2277 de
1214 2202 1277 2280 his
1306 2202 1465 2301 populis
1491 2204 1656 2305 singulis
1681 2206 1829 2289 addere,
1858 2228 1880 2279 a
1902 2229 1941 2279 re
1959 2230 2048 2301 pro·

293 2314 423 2413 posita
449 2313 552 2391 haud
572 2314 743 2393 alienum
766 2315 961 2427 duximus.
2028 2341 2034 2367 ι

1114 2428 1226 2549 §a

858 2596 931 2669 De
978 2600 1233 2713 liugorum
1282 2599 1482 2696 populo.

393 2757 498 2855 Rugi
523 2780 544 2827 a
567 2752 758 2851 Procopio
785 2736 934 2829 diserte
949 2776 1041 2852 gens
1060 2753 1225 2829 Gothico
1240 2752 1426 2828 dicuntur
1456 2724 1569 2851 (Bell.
1600 2756 1714 2830 Goth.
1743 2761 1792 2848 ΙΙ,
1820 2784 1858 2855 p.
1887 2781 1967 2851 ιιι
1989 2764 2048 2835 ed.

292 2874 442 2963 Grot.;)
470 2898 632 2996 eumque
656 2870 766 2945 hac
753 2898 796 2945 ιιι
823 2896 863 2945 re
888 2877 978 2944 verri
1004 2873 1216 2961 tradidisse,
1243 2874 1335 2947 inde
1361 2899 1517 2974 quoque
1543 2894 1706 2972 apparet,
1734 2878 1841 2974 quod
1862 2875 2044 2967 Odoaoer,

287 3015 425 3089 genere
445 2964 578 3090 Rugus
599 2990 665 3085 (cf.
685 2990 814 3061 Anon.
827 2991 1016 3081 Vales.)et
1034 2994 1247 3090 Rugorum,
1269 2992 1463 3067 Scirorum
1485 3011 1523 3068 et
1534 2996 1769 3069 Herulorum
1782 2998 1871 3083 dux,
1892 2999 2043 3095 saepius

288 3108 506 3179 Gothorum
518 3131 590 3176 rex
601 3122 640 3177 et
655 3125 792 3202 genere
803 3106 948 3180 Gothus
959 3106 1100 3180 dicitur
1118 3108 1187 3201 (cf.
1197 3112 1370 3185 Marcell.
1390 3114 1533 3187 Chron-
1534 3114 1668 3187 Isidor.
1688 3115 1841 3211 Hispal·
1826 3114 2043 3213 --Theopha

286 3246 404 3329 nesp.
421 3220 526 3313 roc.)
542 3219 799 3309 Wilhelmius,
820 3223 1138 3323 diligentissimus
1149 3226 1392 3326 antiquitatis
1409 3234 1653 3305 Germanicae
1661 3234 1916 3334 investigator
1932 3235 1976 3307 in
1991 3236 2040 3308 li·
2107 3224 2111 3231 ¹

286 3343 369 3430 bro,
392 3338 455 3413 cui
473 3340 694 3415 Germaniae
711 3364 857 3414 nomen
877 3340 1126 3439 deditp.267,
1148 3350 1551 3445 omneshospopulos,
1566 3353 1732 3427 Herulus
1744 3355 1901 3442 scilicet,
1914 3353 2039 3428 Scires
2099 3330 2103 3346 ⁴

287 3477 327 3531 et
352 3458 599 3557 Turcilingos
626 3458 674 3531 ad
699 3462 899 3559 Rugorum
926 3479 1079 3560 gentem
1105 3466 1340 3561 pertinuisse
1368 3486 1497 3541 censet
1531 3486 1569 3541 et
1595 3474 1864 3571 argumentis
1860 3474 2036 3570 abipso
2088 3562 2101 3581 .

286 3573 411 3649 allatis
438 3574 510 3646 alia
551 3576 735 3671 quaedam
762 3578 874 3670 adjici
901 3580 1012 3668 licet,
1039 3578 1104 3655 sed
1131 3608 1220 3655 cum
1252 3584 1296 3655 hi
1325 3586 1470 3682 populi
1504 3590 1654 3685 saepius
1691 3588 1829 3673 diserte
1862 3614 1884 3665 a
1916 3592 2039 3691 Rugis

286 3690 584 3791 distinguantur,
611 3712 759 3811 praeter
783 3700 962 3787 Herulus,
991 3698 1117 3775 Scires
1144 3719 1182 3773 et
1208 3702 1457 3803 Turcilingos
1483 3704 1604 3780 fuisse
1628 3712 1840 3806 populum.
1869 3710 1933 3783 cui
1957 3712 2036 3783 uu·

284 3836 423 3913 gorum
448 3835 607 3883 nomen
601 3814 823 3909 proprium
849 3804 980 3903 luerit,
1008 3818 1191 3915 sequitur.
1245 3822 1349 3921 Rugi
1384 3824 1663 3922 antiquissimis
1698 3830 1936 3925 temporibus
1963 3847 2037 3901 ter-

284 3956 346 4005 ras
372 3930 473 4002 inter
498 3927 690 4005 vistulam
716 3949 755 4003 et
777 3932 960 4007 Viadrum
994 3936 1155 4010 flumina
1181 3940 1280 4012 mari
1308 3938 1520 4034 adjacentes
1549 3944 1798 4019 incoluerunt
1821 3965 1860 4019 et
1896 3973 1917 4021 a
1946 3954 2034 4022 Pto

283 4052 435 4123 lornaeo
473 4048 762 4121 Rhutilrliorum
801 4052 964 4125 nomine
1010 4056 1270 4155 designantur.
1346 4060 1381 4131 A
1428 4062 1563 4135 Tacito
1598 4079 1752 4161 quoque
1784 4064 1925 4161 (Germ.
1961 4069 2033 4159 43)

163 4240 164 4245 ,
284 4170 332 4241 ad
358 4168 508 4241 easdem
532 4164 749 4241 referuntur
783 4184 913 4257 terras,
941 4170 995 4245 ita
1020 4190 1065 4247 ut
1091 4176 1226 4250 Gothis
1254 4176 1404 4253 fuerint
1430 4180 1562 4255 ricini.
1617 4188 1720 4280 Quae
1745 4181 1958 4271 Jornandes
1986 4184 2033 4256 de

282 4285 499 4384 Ethelrugis
544 4302 582 4357 et
615 4288 834 4388 Ulmerugis
863 4289 982 4364 tradit
1011 4292 1063 4383 (c.
1093 4314 1115 4383 5
1142 4313 1180 4369 et
1208 4296 1253 4389 4)
1289 4297 1473 4373 videntur
1495 4300 1627 4397 potius
1665 4302 1713 4375 ad
1745 4320 1917 4399 tempus,
1952 4324 2031 4398 quo

282 4405 365 4501 ipse
390 4405 601 4537 ΙΙοιιιιιιιιῑιι
631 4406 796 4503 scripsit,
830 4430 946 4507 quarn
971 4410 1020 4485 ad
1045 4413 1314 4515 antiquissima
1339 4411 1455 4528 hujus
1484 4421 1610 4520 gentis
1636 4438 1811 4519 tempora
1836 4418 2032 4493 referenda
