4800 5567
932 248 1292 329 ..31-

239 468 285 542 iit
310 466 472 540 dubium
497 464 630 539 vocari
656 477 785 559 potest
810 478 849 533 et
872 458 944 531 hac
980 456 1021 529 in
1050 480 1089 527 re
1116 454 1368 549 scriptorum,
1403 452 1471 551 qui
1497 454 1712 527 Gothorum
1734 462 1797 529 ‘res
1825 456 1992 555 attigere,

241 573 360 669 longe
387 568 547 663 plurimi
573 566 832 640 consentiunt.
893 566 952 633 De
978 578 1150 655 tempore
1177 576 1322 643 autem,
1361 581 1438 652 quo
1462 574 1552 629 nata
1579 558 1659 629 sint
1684 574 1723 630 et
1749 560 1795 635 dc
1821 561 1990 655 populis,

243 675 310 767 qui
330 671 490 767 utrique
515 670 670 742 nomini
707 664 947 739 adscribendi
983 663 1083 745 sint,
1124 684 1264 759 magna
1303 677 1426 732 exstat
1462 664 1741 732 sententiarum
1777 662 1988 735 diversitas.

242 774 500 850 Discriminir
520 773 625 843 enim
651 771 763 845 istius
792 769 902 865 origo
929 766 992 839 vel
1019 765 1064 835 ab
1092 763 1185 858 ipsis
1213 760 1386 848 sedibus,
1414 787 1507 857 quas
1527 764 1645 836 Gothi
1670 766 1712 836 in
1740 762 1992 836 Scandinavia

243 875 412 949 tenuisse
439 874 632 959 dicuntur,
660 870 856 967 repetitur,
884 868 946 943 vel
970 866 1019 938 ad
1046 884 1210 961 tempus,
1237 890 1316 962 quo
1344 864 1462 936 Gothi
1487 882 1603 938 terras
1629 892 1649 939 a
1676 867 1860 939 Danubio
1874 868 1993 963 Aqui·

241 978 373 1051 lenem
399 1000 531 1049 versus
559 977 651 1049 sitas
678 992 716 1046 et
742 978 868 1045 Ponto
896 970 1050 1043 Euxino
1087 968 1235 1040 vicinas
1268 968 1486 1052 incoluere,
1520 967 1585 1039 vel
1623 969 1669 1043 ad
1702 970 1800 1043 illud
1827 986 1991 1063 tempus,

241 1104 322 1179 quo
350 1080 563 1155 Gothorum
591 1077 707 1174 longe
733 1072 896 1170 plurimi
920 1072 1143 1145 Danubium
1169 1070 1396 1169 transgressi
1421 1071 1463 1141 in
1481 1072 1744 1144 Romanorum
1770 1073 1880 1143 terris
1906 1094 1990 1143 ver·

239 1184 445 1270 sarentur,
463 1177 643 1251 refutas.
696 1182 743 1247 In
770 1176 838 1248 has
864 1176 1035 1273 singulas
1062 1174 1183 1271 igitur
1208 1175 1416 1247 sententias
1443 1174 1617 1268 sequenti
1643 1174 1909 1269 disputatione
1932 1173 1992 1243 ine

240 1282 458 1379 quiramus,
497 1302 667 1376 quaeque
692 1296 840 1374 praeter
865 1278 1030 1372 reliquas
1057 1300 1183 1347 rerum
1212 1276 1330 1349 statui
1355 1276 1520 1348 maxime
1560 1277 1766 1351 courneiat
1784 1274 1991 1349 sententia

240 1402 279 1457 et
305 1384 527 1457 certissimis
552 1381 700 1455 nitatur
725 1380 963 1479 argumentis
989 1377 1198 1453 videamus.

1068 1554 1104 1643 §-
1138 1566 1174 1643 4·

246 1721 263 1751 '·
294 1708 357 1779 De
380 1706 563 1777 sententia
590 1728 741 1793 eorum,
764 1705 841 1801 -qui
873 1700 1197 1801 ostrogothorum
1224 1714 1262 1773 et
1293 1696 1581 1803 Vrsigothorum
1614 1721 1795 1772 nomene
1826 1703 1941 1773 Scan·

933 1822 1090 1892 dinavia
1117 1833 1301 1917 repetunt.
1507 1810 1512 1821 ¹

340 1990 457 2063 Pauci
484 2008 637 2062 tantum
673 1991 929 2083 scriptorum,
968 1988 1108 2085 quibus
1135 1990 1179 2061 in
1206 2014 1248 2062 re
1282 1988 1468 2062 historica
1503 1988 1714 2084 quidquam
1740 1984 1992 2058 tribuendum

240 2109 324 2179 est,
341 2094 442 2165 hanc
468 2092 699 2166 sententiam
726 2092 817 2163 tuiti
844 2108 960 2175 sunt,
990 2114 1265 2186 quaererem
1292 2090 1558 2189 incertissimis
1584 2107 1739 2161 tantum
1767 2086 1906 2186 gaudet
1932 2086 1992 2156 in·

235 2192 364 2265 ditiis.
400 2196 636 2291 Argumenta
664 2211 802 2277 autem,
832 2193 972 2289 quibus
990 2218 1073 2269 eam
1094 2193 1256 2288 probare
1271 2210 1474 2277 conantur,
1495 2193 1741 2287 potissimum
1761 2191 1853 2262 haec
1879 2207 1990 2261 sunt:

239 2296 387 2389 Gothos
404 2320 425 2366 e
442 2295 692 2373 scandinavia
718 2292 918 2390 prodiisse,
948 2313 1092 2373 certum
1119 2320 1222 2381 esse3
1250 2320 1339 2367 cum
1367 2311 1494 2367 autem
1520 2293 1733 2375 Jornandes
1758 2294 1842 2389 ipse
1860 2295 1991 2364 Ostro-

239 2398 447 2494 gothorum
474 2396 516 2469 in
544 2396 794 2469 scandinavia
820 2394 937 2469 faciat
962 2399 1200 2473 mentionem
1227 2414 1265 2469 et
1289 2397 1456 2495 posteris
1474 2396 1712 2493 temporibus
1737 2394 2012 2492 Ostrogothog

237 2506 325 2570 rum
362 2518 400 2572 et
434 2501 777 2598 Vestrogothorum
811 2499 971 2573 nomina
1012 2498 1068 2570 ibi
1102 2516 1369 2595 compareant,
1405 2499 1732 2597 ostrogothorum
1767 2519 1922 2595 quoque
1955 2510 1996 2565 et
2069 2535 2073 2542 «

218 2602 529 2699 ¹visigothorum
558 2602 760 2674 discrimen
789 2600 880 2691 inde
907 2600 1156 2693 repetendum
1184 2624 1275 2671 esse.
1344 2658 1349 2667 .

244 2722 247 2733 '
338 2704 388 2775 At
414 2703 497 2794 ipsa
524 2698 590 2797 illa
619 2696 833 2787 Gothorum
853 2718 871 2764 e
892 2694 1146 2765 scandinavia
1174 2693 1352 2791 migratio
1380 2694 1503 2765 adhuc
1525 2716 1545 2763 a
1569 2694 1702 2765 multis
1728 2694 1822 2767 viris
1851 2692 1990 2766 doctis·

238 2802 347 2873 simis
374 2800 437 2873 vel
462 2795 614 2893 optimo
648 2794 732 2887 jure
766 2797 808 2867 in
846 2794 1009 2867 dubium
1045 2812 1216 2867 vocatur.
1268 2800 1370 2865 Nam
1405 2794 1439 2867 si
1465 2794 1512 2867 ad
1538 2796 1711 2891 amplum
1737 2796 1850 2867 illum
1876 2812 1991 2866 terra·

237 2906 324 2971 ium
353 2900 541 2971 ambitum
568 2898 869 2993 respexerimus,
905 2920 1019 2991 qnam
1046 2896 1163 2967 Gothi
1199 2899 1359 2967 saeculo·
1379 2912 1514 2993 quarto
1542 2914 1842 2991 occupaverant,
1871 2898 1905 2968 si
1930 2902 1992 2968 tot'

235 3004 494 3098 populorum,
531 3002 598 3093 qui
634 3000 680 3067 ad
716 3000 863 3068 Gothos
890 2996 1111 3069 referuntur
1138 3016 1175 3092 et
1201 2996 1464 3071 multitudinis
1489 2998 1717 3084 hominum,
1756 3022 1830 3094 qua
1856 2999 1989 3097 vigue-

235 3120 354 3195 runt,
375 3102 564 3171 rationem
591 3098 979 3180 habuerimus,·non
1007 3116 1133 3191 potest
1159 3122 1242 3171 non
1268 3124 1403 3172 eorum
1440 3098 1651 3185 sententia,
1687 3101 1756 3196 qui
1783 3098 1989 3173 scandina-

236 3202 342 3274 viam
369 3200 546 3272 omnium
574 3197 788 3268 Gothorum
815 3198 1033 3291 prosapiam
1060 3222 1139 3271 esse
1164 3200 1328 3282 volunt,
1356 3203 1563 3274 admodum
1582 3226 1682 3273 vana
1709 3202 1855 3289 videri3
1883 3226 1989 3297 prae·

238 3306 369 3378 sertim
397 3325 483 3371 cum
513 3300 683 3371 sueciam
719 3296 790 3369 illo
825 3298 1097 3398 antiquissimo
1124 3316 1296 3394 tempore
1319 3304 1447 3376 multo
1474 3302 1597 3402 magis
1623 3303 1802 3390 lacubus,
1843 3305 1990 3401 stagnis

240 3422 278 3478 et
304 3401 513 3475 recessibus
541 3400 657 3473 maria
685 3400 889 3471 distentam
918 3396 1047 3485 fuisse,
1076 3426 1187 3497 quam
1206 3420 1339 3475 nostro
1367 3422 1537 3499 tempore
1563 3401 1617 3491 fit,
1645 3405 1737 3479 satis
1764 3424 1925 3479 constet.
1939 3397 1991 3494 ¹⁰)

237 3504 558 3603 Ostrogothorum
603 3518 730 3596 autem
767 3526 935 3587 nomen,
983 3500 1091 3592 cujus
1125 3502 1337 3583 Jornandes
1371 3504 1415 3575 in
1452 3504 1701 3583 scandinavia
1745 3497 1991 3580 describenda

235 3608 475 3679 mentionem
501 3602 617 3689 facit,
645 3621 689 3675 ut
715 3621 879 3687 statuas,
907 3628 1032 3699 neque
1057 3604 1186 3701 ipsum
1212 3630 1336 3701 neque
1362 3606 1536 3699 quemvis
1564 3610 1683 3680 alium
1710 3608 1753 3681 in
1789 3608 1992 3683 scribendo
2101 3621 2105 3629 “

230 3712 383 3807 dapsum
413 3730 515 3795 esse,
542 3732 625 3779 non
651 3705 699 3779 ad
726 3722 897 3802 tempus,
933 3730 1010 3803 quo
1038 3706 1184 3789 Gothos
1212 3730 1233 3779 e
1259 3706 1513 3780 scandinavia
1550 3710 1739 3805 prodiisse
1773 3712 1887 3800 dicit,
1924 3712 1990 3783 sed

235 3898 442 3915 *ιι-

321 3994 378 4074 ¹8)
398 3994 538 4079 Aliquos
554 3994 631 4059 iude
652 3994 813 4079 prodiisse
833 4017 901 4059 uou
923 4012 1070 4083 negatur.
1155 3998 1275 4083 priscis
1298 4017 1409 4061 eorum
1431 3998 1627 4063 carminibus
1657 3996 1790 4075 bausit,
1819 3998 1858 4063 sd
1888 4022 1991 4063 unum

235 4086 407 4157 Fortasse,
432 4104 514 4166 quae
535 4082 717 4148 Jornandes
732 4082 839 4143 deilla
860 4076 1069 4165 profectione
1156 4098 1282 4145 tantum
1304 4088 1474 4169 populum,
1499 4086 1650 4159 fortasse,
1675 4104 1799 4153 eorum,
1822 4086 1879 4169 qui
1893 4088 1991 4148 Aseni

236 4168 346 4240 tradit,
370 4189 435 4231 non
457 4170 547 4231 omni
564 4169 704 4229 veritate
717 4168 948 4231 destituuntur.
983 4168 1068 4231 Nam
1154 4166 1366 4243 dicebantur,
1389 4168 1561 4233 referenda
1581 4169 1738 4233 ridentur
1759 4192 1840 4233 esse·
1871 4172 1991 4255 Itaque

234 4252 377 4313 Herulus
399 4252 446 4313 ihi
469 4252 562 4315 sedes
581 4250 734 4315 habuisse
755 4252 929 4315 admodum
951 4254 1068 4317 veriri·
1153 4254 1189 4329 in
1213 4276 1253 4317 eo
1276 4269 1402 4317 tantum
1431 4255 1603 4337 peccavit,
1634 4254 1745 4340 quod,
1778 4276 1861 4338 quae
1889 4256 1989 4317 unius

234 4338 311 4399 mile
335 4350 394 4397 est.
418 4338 459 4399 cf.
483 4336 562 4421 Cap.
584 4338 624 4413 1,
648 4337 673 4412 §.
697 4336 727 4399 6.
774 4338 809 4399 Si
830 4337 1009 4405 Joruandes
1032 4360 1066 4401 re
1152 4350 1279 4402 tautum
1301 4341 1418 4427 populi
1438 4342 1552 4421 fuere,
1586 4339 1627 4405 ad
1656 4342 1843 4408 uuiversum
1866 4360 1989 4405 nomeu

234 4444 329 4496 vera,
361 4442 443 4505 quae
477 4421 516 4483 de
539 4425 595 4484 illa
616 4424 811 4509 migratione
835 4421 1059 4485 Gothorume
1145 4422 1273 4489 retulit.

206 4506 449 4569 'scandinavia
482 4528 584 4591 usque
614 4506 655 4569 sd
676 4508 881 4573 Maeotidem
904 4507 1023 4584 tradit,
1048 4528 1068 4572 e
