4800 5567
1338 180 1346 189 ,

940 234 1302 315 ..39-

249 457 320 533 vix
355 452 402 525 ab
437 448 561 547 ipsius
602 442 806 531 Joruandis
830 443 971 531 ¹verbis
1010 442 1175 518 discerni
1201 458 1340 537 potest.
1368 432 1421 535 Μ>
1481 448 1602 543 'Quae
1641 461 1686 518 ut
1717 445 1834 519 missa
1871 444 2000 535 facias,

200 574 297 633 *ex
328 558 403 629 hoc
426 576 581 650 quoque
622 552 709 651 loco
748 547 980 623 discriminis
1015 571 1124 637 causa
1162 570 1245 619 non
1279 544 1534 644 perspicitur,
1572 572 1699 644 neque
1733 550 1877 651 magis,
1922 576 2000 647 quo

248 670 421 752 tempora
445 655 498 727 'ait
529 660 762 746 exortum'l
1777 685 1783 701 ·

349 764 551 847 Praeterea.
567 754 751 827 Ablavius
770 777 789 823 a
805 750 999 841 Jornsnde
1024 749 1111 849 ipso
1138 748 1328 823 dissentit.
1381 756 1435 822 Ut
1459 753 1671 833 Jomaudes
1698 752 1815 827 tradit
1834 752 1884 847 (c.
1905 755 1998 843 17.),

248 856 623 957 Ostrogothae.regis
652 854 817 952 imperio
837 868 915 926 tam
951 852 1154 954 yesegothi
1191 876 1306 949 quam
1335 854 1560 953 Ostrogothi
1588 854 1909 947 subjectiorem,
1951 880 1999 929 ex

245 962 399 1068 llblauii
423 977 551 1062 autem
577 961 664 1032 loco
692 979 782 1030 eum
808 955 1052 1057 Ostrogothis
1082 972 1236 1031 tantum
1263 954 1474 1054 praefuisse
1498 957 1682 1055 sequitur.
2064 963 2068 967 ’

1065 1130 1101 1219 §-
1141 1152 1178 1223 s·

255 1373 259 1386 .
326 1381 333 1388 .
410 1320 499 1391 'De
525 1282 785 1411 Procopii,
821 1314 1078 1387 Pollionis
1112 1326 1159 1387 et
1197 1313 1469 1387 Claudiani
1502 1314 1817 1387 testimoniis.

254 1564 261 1573 ,
308 1551 311 1559 .
349 1510 383 1558 r.
410 1484 443 1557 Α
469 1482 658 1579 Procopio
685 1506 860 1581 quoque,
897 1483 961 1557 cui
995 1482 1287 1585 visigothorum
1314 1479 1466 1557 tantum
1497 1506 1642 1556 nomen
1681 1478 1834 1555 videtur
1863 1482 1997 1578 cogui-

244 1584 328 1673 tum
357 1584 501 1673 fuisse,
528 1586 601 1667 hoc
633 1608 779 1658 nomen
805 1586 853 1657 ad
892 1584 959 1657 illa
988 1582 1150 1659 refertur
1181 1604 1375 1682 tempora,
1415 1586 1554 1681 quibus
1585 1584 1704 1657 Gothi
1736 1583 1859 1656 adhuc
1894 1585 1995 1655 ultra

200 1758 205 1769 ,
244 1687 470 1771 Danubium
502 1684 738 1787 babitabant.
815 1686 1049 1783 Procopium
1084 1704 1211 1762 autem
1245 1712 1329 1759 non
1366 1688 1495 1762 minus
1532 1686 1774 1781 antiquitatis
1814 1682 1999 1758 Gothicae

150 1814 155 1837 ’
240 1792 421 1889 ignarum
450 1786 569 1865 fuisse
604 1813 719 1885 quam
745 1790 1003 1874 Jornandem,
1040 1790 1113 1863 boc
1141 1814 1266 1863 unum
1299 1790 1447 1864 indicio
1482 1787 1576 1863 satis
1603 1790 1705 1859 claro
1742 1812 1823 1863 esse
1852 1802 1994 1883 potest,
2028 1840 2034 1851 .

245 1890 350 1991 quod
388 1890 547 1963 Hunnis
578 1892 742 1963 Tanaim
775 1890 1145 1990 transgredientibus
1180 1892 1373 1965 Vandalos
1412 1909 1449 1987 et
1476 1889 1699 1989 Visigothos
1737 1888 1815 1983 jam
1854 1889 1994 1982 Hispa·

243 1990 350 2091 uiam
378 1992 547 2082 tepuisse
574 1994 701 2067 tradit.
755 1990 805 2063 ci.
830 1999 938 2065 Proc.
980 1994 1093 2065 Goth.
1121 1998 1185 2065 IV.
1208 2018 1251 2088 p.
1281 2012 1355 2088 4⁸}
1387 1992 1444 2064 ed.
1475 1999 1581 2067 Grot.
1618 1992 1716 2064 etsi
1759 2015 1887 2063 revera
1915 1988 1994 2079 jam

242 2110 333 2191 tuns
351 2090 656 2193 visigothorum
670 2108 707 2168 et
725 2096 1047 2193 ostrogothorum
1068 2094 1232 2191 nomina
1251 2094 1295 2167 iu
1313 2120 1556 2174 communem
1574 2118 1689 2167 usum
1709 2092 1891 2175 abierant,
1916 2114 1995 2185 quo

242 2192 360 2267 modo
388 2190 710 2292 Ostr'ogothorum
737 2220 882 2268 nomeu
917 2198 1150 2295 Procopium
1185 2192 1319 2295 fugere
1344 2197 1537 2293 potuerit,
1562 2197 1727 2268 minime
1751 2193 1995 2289 intelligitur.

127 2376 130 2381 ,
244 2300 325 2379 Cun
344 2312 471 2369 autem
496 2298 539 2371 iu
565 2296 696 2380 eadem
712 2322 772 2384 re,
799 2296 845 2371 in
861 2322 935 2397 qua
954 2288 1306 2396 Procopius'errori
1326 2299 1521 2375 obnoxius
1546 2296 1644 2385 fuit,
1669 2294 1859 2380 Jornaudi
1879 2293 1995 2367 fidem

242 2394 478 2498 habeamus?
586 2437 590 2445 ·
832 2463 834 2472 .

253 2534 258 2545 ·
347 2525 382 2573 s.
410 2506 543 2584 Unus,
572 2500 674 2597 apud
700 2526 813 2597 quem
844 2504 1168 2601 ostrogothorum
1200 2528 1345 2577 nomen
1380 2519 1471 2575 ante
1501 2503 1698 2576 saeculum
1721 2501 1903 2597 quintum
1932 2521 1995 2569 oc·

152 2672 156 2683 .
207 2634 212 2643 ’
244 2600 728 2703 §prritmTrabelliussest
755 2601 890 2688 Pollio,
919 2629 938 2673 a
971 2630 1048 2699 quo
1080 2605 1179 2690 (vit.
1209 2608 1339 2678 Claud.
1375 2629 1406 2677 c.
1430 2610 1480 2687 6)
1518 2603 1772 2698 Austrogothi
1800 2600 1994 2673 dicuutur.

241 2706 294 2792 At
314 2727 436 2801 paene
463 2699 593 2773 omnia
625 2698 885 2799 populorum,
918 2722 1015 2794 quae
1044 2695 1100 2767 ibi
1130 2712 1305 2782 exstant,
1331 2698 1493 2769 nomina
1521 2716 1699 2795 corrupta
1726 2715 1838 2781 sunt,
1864 2698 1918 2768 ita
1950 2714 1995 2770 ut

242 2789 354 2895 facile
382 2788 473 2903 llari·
493 2799 682 2895 potuerit,
720 2816 764 2875 ut
787 2798 923 2871 seriori
955 2816 1127 2895 tempore
1164 2822 1311 2871 nomen
1338 2798 1663 2897 ostrogothorum
1701 2799 1884 2871 omnibus
1922 2821 1993 2868 no-

242 2895 330 2985 tum'
355 2924 426 2997 pro
445 2918 628 3003 corrupto
651 2901 779 3005 aliquo
802 2918 840 3001 et
865 2902 1002 2999 ignoto
1030 2900 1342 2997 interponeretur
1364 2900 1472 2973 velut
1499 2895 1822 2999 ostrogothorum
1846 2922 1991 2972 nomeu

226 3016 423 3107 dtanuam
451 3002 638 3097 glossema
664 3002 709 3070 ad
735 3002 1053 3101 Gruthungorum
1083 3026 1229 3074 nomeu
1259 3003 1459 3098 pertinens
1487 2999 1696 3077 adderetur.

347 3136 381 3201 3.
413 3106 631 3198 Claudiani,
660 3115 760 3208 apud
788 3140 901 3209 quem
929 3119 1253 3213 ostrogothorum
1281 3144 1424 3193 nomen
1447 3144 1531 3196 uno
1548 3115 1817 3194 tantum‘loco
1835 3120 1988 3217 legitur,

243 3214 466 3287 testimonio
495 3210 542 3284 ad
569 3215 796 3285 seutentiam
824 3216 928 3285 illam
958 3218 1194 3312 probandam
1222 3220 1325 3292 nihil
1353 3219 1531 3309 efficitur,
1560 3224 1665 3321 quod
1689 3212 1809 3319 paene
1829 3222 1991 3319 triginta

241 3312 355 3417 annis
386 3332 496 3410 post,
535 3340 649 3409 quam
675 3315 887 3414 Therviugi
907 3335 953 3388 et
976 3320 1195 3417 Gruthungi
1224 3322 1450 3396 Danubium
1483 3326 1685 3410 transiere,
1722 3323 1837 3415 hujus
1864 3324 1991 3394 uomi-

241 3418 303 3491 nis
340 3414 472 3489 fecerit
503 3418 760 3503 mentionem,
798 3420 1017 3513 praesertim
1047 3421 1081 3494 si
1107 3412 1223 3510 h'ujus
1250 3424 1431 3497 nominis
1462 3428 1572 3527 origo
1583 3481 1593 3515 ,
1629 3442 1836 3523 postquam
1871 3426 1989 3497 Gothi

241 3521 283 3605 in
311 3520 577 3593 Ronranorum
601 3520 687 3591 solo
719 3539 982 3607 uersarentur,
1011 3520 1265 3597 demonstrari
1293 3543 1431 3619 potest.
1842 3532 1853 3550 ⁸

253 3682 262 3691 -
344 3658 379 3725 a.
407 3640 542 3709 Exstat
557 3648 754 3733 ‘praetcrea
779 3639 889 3713 locus
915 3638 1070 3736 quidam
1098 3642 1141 3713 in
1176 3641 1339 3716 historia
1367 3644 1558 3730 miscella,
1595 3670 1692 3741 quae
1717 3644 1879 3733 dicitur,
1923 3646 1992 3741 qui

241 3739 288 3811 ad
317 3756 490 3811 nostram
514 3762 595 3811 rem
622 3738 775 3811 videtur
802 3758 991 3836 spectare,
1019 3760 1058 3815 at
1083 3743 1181 3815 liber
1203 3743 1277 3817 iste
1300 3768 1386 3816 nou
1415 3748 1534 3819 ruodo
1564 3747 1719 3821 serioris
1750 3758 1807 3820 est
1840 3746 1987 3831 aetatis,

240 3840 306 3913 sed
334 3843 443 3913 locus
472 3842 575 3935 ipse,
612 3842 646 3913 si
671 3846 857 3917 Mansoni
889 3842 980 3919 fides
1010 3862 1068 3919 est
1093 3846 1288 3932 habenda,
1328 3865 1409 3919 tam
1436 3866 1639 3947 corruptus
1668 3867 1727 3923 est
1753 3869 1793 3923 et
1818 3868 1897 3924 tam
1924 3870 1988 3925 ure

241 3946 319 4015 riae
346 3942 551 4030 lectionis,
577 3960 621 4017 ut
649 3968 696 4017 eo
724 3968 795 4041 pro
823 3957 1052 4045 argumento
1075 3948 1144 4022 'uti
1168 3972 1253 4021 non
1276 3950 1401 4023 liceat.

240 4108 441 4131 *anua-uh

1516 4164 1540 4201 t

312 4211 381 4312 aa)
403 4216 516 4279 Locus
538 4218 587 4281 sic
607 4216 718 4281 eradit:
740 4218 896 4287 ablavius
919 4220 1006 4283 euim
1020 4220 1070 4283 bi·
1156 4222 1272 4306 eisque
1291 4238 1420 4307 praerat
1442 4223 1644 4311 Ostrogotha
1668 4222 1853 4301 (incertum
1875 4238 1998 4305 utrum„

241 4308 381 4357 ataricus
403 4303 513 4376 refert,
539 4307 613 4386 quia
638 4306 685 4365 ibi
708 4326 805 4390 super
826 4306 961 4369 limbum
983 4308 1084 4373 Pou·,
1155 4308 1194 4369 ab
1218 4310 1323 4392 ipsius
1346 4309 1489 4384 nomine,
1513 4332 1554 4370 au
1576 4301 1690 4372 a'loco
1713 4308 1882 4379 orientali)
1904 4306 1988 4369 dicti

240 4382 287 4449 ti,
310 4382 368 4441 ubi
392 4402 456 4445 eos.
470 4386 611 4451 diximus
634 4392 667 4451 iu
690 4390 826 4473 Scythia
851 4412 1067 4468 commanere,
1154 4409 1232 4457 sunt
1253 4394 1494 4481 ostrogothae,
1517 4398 1638 4483 reliqui
1657 4416 1737 4461 vero
1750 4382 1793 4458 ¹in
1815 4409 1909 4480 parte
1930 4414 1987 4454 oe·

238 4484 312 4547 para
335 4488 459 4545 eorum,
482 4475 539 4556 qut
560 4476 750 4539 orientalem
764 4480 890 4565 plagam
913 4476 1069 4541 tenebant
1153 4477 1249 4543 eidus
1275 4475 1492 4575 vesegothae.
