4800 5567
201 480 225 493 -
255 440 483 527 nanuum,
509 434 751 513 patruorum
776 434 869 521 aux,
896 431 1402 507 armamentorum
1429 432 1595 527 optima
1621 431 1774 510 aaran.
1802 436 1853 513 cf.
1870 414 2021 527 xxxr'

256 564 292 659 9'.
330 560 389 634 Ab
414 558 604 653 Eutropio
641 558 752 631 interl
777 570 910 654 gentes
943 552 1102 627 Daciam
1138 551 1356 632 incolentes
1388 549 1618 626 referuntur.
1647 554 1832 647 ctum.
1862 582 1896 631 a.
1949 560 2007 646 Aa

255 682 410 753 Oriente¹
437 679 599 751 Hieraso
637 675 797 749 flumine
824 698 844 747 a
871 672 1102 771 Theruingis
1138 668 1481 769 disjungebantur,
1516 673 1563 748 ab
1601 674 1745 750 Austro
1781 676 2009 769 Danubium

253 798 516 897 attingebant,
547 793 792 870 Occidentem
818 814 950 866 versus
977 788 1156 863 Sarnratis
1184 789 1496 887 Limigantibus,
1536 790 1604 885 qui
1640 792 1689 865 ab
1714 794 1920 872 Ammiano
1947 796 2009 869 Pi.

253 940 384 991 censes
420 914 640 1000 tirannus
656 910 834 1005 ‚confines
870 926 989 985 erant.
1028 906 1080 983 cf.
1111 912 1239 983 Amm.
1274 912 1395 983 Marc.
1421 914 1550 995 XVII,
1589 932 1648 999 15.
1722 913 2008 1009 Septentriones

254 1054 382 1109 autem
406 1022 541 1109 venui
567 1016 772 1105 Victoialia
798 1028 922 1103 vicini
945 1026 1126 1103 videntur
1150 1026 1281 1106 fuisse.
1346 1026 1590 1102 Taifalorum
1617 1054 1712 1127 gens
1737 1050 1885 1127 praeter
1910 1030 2006 1105 alios

173 1194 176 1201 ·
252 1154 331 1229 fuit
356 1152 539 1227 bellicosa
565 1166 721 1223 etcum
754 1148 959 1233 Romanis,
996 1148 1175 1221 Sarmatis
1214 1164 1253 1219 et
1286 1171 1376 1225 eum
1411 1147 1509 1243 ipsis
1537 1148 1672 1223 Gothis
1698 1150 1922 1247 saepissime
1948 1149 2008 1223 in·
2051 1170 2061 1185 ¹
2100 1135 2104 1143 ¹

253 1270 574 1355 festa-conseruit
601 1288 715 1339 arma.
743 1264 806 1341 cf.¹
822 1268 962 1341 chron.
989 1265 1123 1341 Euscb.
1161 1266 1208 1339 ad
1234 1288 1295 1339 an.
1325 1286 1411 1355 333.
1479 1267 1660 1340 Aurelius
1685 1269 1820 1343 Victor
1852 1270 1897 1341 in
1925 1268 2007 1342 vita

252 1386 531 1469 Constantini‚-
561 1386 784 1459 Marcellin·
815 1386 977 1471 chron,
1012 1384 1237 1459 Mamertini
1274 1385 1448 1457 Genethl.
1492 1385 1655 1459 Maxim.
1695 1410 1726 1459 c
1766 1408 1825 1477 ιγ.
1878 1390 2005 1460 Arum.

220 1542 223 1568 ι
253 1506 429 1581 Marcell.
462 1509 595 1589 xvn,
627 1494 686 1592 15⁸.
714 1510 802 1577 Zos.
829 1510 890 1589 11,
920 1524 979 1591 31.
1007 1506 1228 1581 Memoratu
1253 1504 1416 1601 dignum
1443 1522 1521 1591 est,
1548 1504 1654 1601 bunc
1680 1528 1804 1577 unum
1831 1527 1913 1577 ease
1938 1528 2008 1599 po·

253 1626 392 1722 pulum
420 1622 649 1709 Gothicum,
676 1621 784 1715 cujus
811 1646 956 1700 nomen
982 1638 1128 1718 praeter
1147 1621 1311 1717 Gepidas
1335 1622 1524 1701 ‚lornandi
1550 1622 1768 1695 innotuerit
1793 1619 1862 1711 (cf.
1888 1646 1921 1697 c.
1947 1644 2005 1709 17.

253 1744 330 1819 ubi
349 1742 504 1837 Taphili
529 1740 752 1832 dicuntur),
789 1738 958 1815 fueritne
984 1758 1112 1815 autam
1147 1740 1183 1813 ei
1211 1740 1434 1839 cognitum,
1470 1766 1536 1818 eos
1562 1739 1682 1815 fuisse
1708 1740 1875 1828 Gothos,
1903 1739 2006 1813 haud

252 1859 532 1935 affirmaverim.
587 1866 691 1957 Quae
717 1884 852 1935 eorum
877 1857 994 1933 fuerit
1019 1883 1103 1935 sors
1129 1860 1286 1955 reliquia
1306 1859 1452 1945 Gothis,
1468 1858 1515 1931 ab
1542 1864 1782 1935 Hunnorum
1806 1876 1920 1959 gente
1945 1858 2007 1934 fu,

252 1980 375 2078 gatis,
401 2004 485 2053 non
517 1979 660 2075 liquet3
684 1980 856 2051 attamen
882 1986 972 2051 cu'm
997 1976 1138 2053 Hunni
1172 1992 1213 2049 et
1236 1973 1352 2051 Alani
1376 2003 1458 2051 non
1484 1980 1604 2076 longo
1627 1994 1802 2073 ternpore
1827 1995 1918 2073 post
1944 2000 2005 2050 us·

206 2096 226 2109 “
252 2124 326 2196 que
352 2096 400 2169 ad
425 2094 651 2167 Pannoniae
677 2094 847 2168 confinia
872 2096 1132 2192 penetremur,
1171 2095 1344 2170 Taifalos
1369 2097 1475 2171 sedes
1500 2120 1588 2169 ruas
1614 2098 1831 2169 incolumes
1857 2096 2005 2167 retinu·
2088 2176 2093 2188 1

249 2218 328 2289 isse
344 2204 446 2287 haud
464 2214 671 2287 verisimile
692 2232 760 2287 est.
812 2218 873 2287 De
889 2232 994 2311 parte
1012 2238 1148 2293 sorum
1168 2230 1337 2301 constat,
1364 2212 1570 2309 praedandi
1586 2239 1701 2305 causa
1718 2240 1783 2289 eos
1800 2216 1844 2286 in
1860 2214 2004 2287 Roma·

251 2356 396 2405 norum
425 2348 541 2404 terras
568 2332 784 2423 transiisse,
812 2332 881 2429 qui
908 2357 997 2407 cum
1022 2334 1107 2410 aliis
1138 2334 1275 2409 Gothis
1305 2331 1505 2425 conjuncti
1531 2351 1569 2407 at
1595 2359 1616 2407 a
1641 2334 1837 2435 Frigerido
1863 2337 2005 2405 Rama·
2130 2420 2137 2433 ὑ

249 2474 393 2523 norum
420 2452 516 2523 duce
530 2450 627 2523 victi
651 2450 694 2523 in
719 2451 890 2539 Italiam,
927 2469 972 2523 ut
1002 2476 1112 2551 agros
1139 2453 1238 2527 circa
1262 2454 1461 2525 Mutinam
1487 2452 1677 2542 colerent,
1704 2448 1870 2525 traducti
1898 2466 2005 2523 sunt.

166 2632 169 2643 .
220 2554 301 2641 ἐξ.
329 2570 455 2639 amu.
487 2574 608 2641 Marc.
634 2575 782 2653 XXXI,
812 2596 847 2663 9.
900 2571 1080 2645 Zosimus
1107 2588 1237 2648 autem
1268 2572 1373 2646 inter
1398 2572 1567 2660 Gothos,
1593 2573 1663 2670 qui
1688 2572 1735 2645 ab
1762 2570 1920 2645 Hunnis
1948 2591 2009 2642 see

197 2688 200 2699 ⁴
249 2684 362 2760 dibus
389 2686 491 2780 pulsi
511 2682 656 2767 essent,
684 2684 924 2755 Taifalorum
951 2706 1091 2749 certam
1111 2684 1206 2753 facit
1227 2691 1478 2756 montionem.
1507 2692 1700 2770 (1V,25).
1754 2689 1916 2755 Posthac
1933 2687 2006 2768 hu.

248 2800 310 2891 jus
340 2822 495 2895 quoque
517 2798 658 2895 populi
689 2798 873 2871 memoria
898 2796 1056 2869 silentio
1085 2794 1293 2895 obtegitur.

338 2970 409 3037 De
436 2962 638 3039 Victofalis
665 2990 784 3062 pauca
810 2982 962 3037 tanturn
985 2980 1137 3037 exstant
1164 2965 1315 3038 tradita.
1379 2968 1455 3039 Hic
1481 2968 1652 3063 populus
1676 2966 1710 3040 si
1739 2966 1904 3040 Gothico
1932 2984 2006 3041 no*

249 3084 349 3156 mini
377 3082 650 3155 adscribendus
680 3084 756 3167 es't,
784 3081 892 3171 cujus
922 3083 1076 3179 quidem
1102 3084 1157 3153 rei
1177 3084 1285 3155 nulla
1311 3086 1533 3159 testimonia
1560 3082 1685 3159 afferri
1711 3104 1894 3181 possunt,
1923 3090 2003 3162 nisi

251 3194 697 3293 nominisnTaifalorum
728 3214 766 3269 et
795 3196 1074 3271 Victofalorunr
1101 3200 1318 3277 similitudo
1351 3220 1392 3276 et
1414 3221 1602 3277 terrarum
1631 3204 1833 3286 vicinitas.
1873 3206 2004 3279 uictos

249 3314 319 3387 fali
346 3314 525 3389 omnium
557 3316 771 3387 Gothorum
800 3316 917 3410 primi
953 3332 1084 3387 contra
1109 3319 1305 3403 Romanos
1340 3337 1558 3435 pugnantes
1594 3342 1830 3421 comparent
1900 3330 2001 3397 Nam

250 3456 269 3505 a
290 3426 511 3531 Capitolino
540 3433 705 3523 (Antan.
734 3432 835 3507 Phil:
860 3459 892 3505 c.
913 3435 980 3526 ac)
1008 3432 1110 3507 inter
1127 3454 1259 3535 gentes
1285 3438 1369 3511 illas
1393 3459 1674 3532 memorantur,
1702 3444 1768 3539 qui
1795 3443 2001 3517 Antonino

248 3551 485 3646 Philosopho
510 3554 743 3647 Imperatore
769 3572 901 3626 contra
929 3556 1125 3628 Romanos
1156 3580 1256 3627 arma
1285 3556 1461 3646 ferrent,
1494 3562 1652 3634 Saeculo
1679 3580 1815 3658 quarto
1842 3563 2001 3635 ineunte

218 3712 231 3739 ·.
247 3668 388 3741 Daciae
416 3687 563 3763 partem
591 3672 932 3767 septentrionalem
962 3691 1115 3749 tenuere
1142 3692 1179 3747 et
1207 3672 1446 3748 Taifalorum
1465 3671 1850 3779 Therringorumque
1876 3680 2000 3753 vicini

214 3782 430 3859 ‘videntur
457 3784 587 3859 fuisse.
624 3786 857 3887 ufiEutrop.
884 3796 991 3879 vm,
1028 3816 1063 3866 a.
1091 3793 1218 3865 Amm.
1241 3796 1414 3868 Marcell.
1445 3799 1574 3885 xvir,
1606 3820 1676 3893 =13.
1729 3806 1922 3873 Praeterea
1949 3800 1997 3871 de

246 3902 362 3997 hujus
388 3906 526 4002 populi
552 3907 664 3983 rebus
694 3909 811 4009 gestis
840 3909 942 3983 nihil
974 3911 1140 4007 amplius
1169 3914 1356 3986 innotuit.

1049 4100 1086 4221 t·

922 4270 1002 4342 Dc
1051 4270 1318 4365 Gepidis.

350 4410 914 4531 Gepidrertornanae(c.1r.)
943 4440 1214 4539 etaProcopio
1241 4440 1364 4537 (Bella
1388 4440 1511 4518 Vani.
1524 4448 1557 4533 1.
1571 4446 1630 4539 a.)
1652 4446 1754 4521 inter
1777 4384 1997 4546 gentesGo·
