<?xml version="1.0" encoding="UTF-8"?>
<!DOCTYPE html PUBLIC "-//W3C//DTD XHTML 1.0 Transitional//EN"
    "http://www.w3.org/TR/xhtml1/DTD/xhtml1-transitional.dtd">
<html xmlns="http://www.w3.org/1999/xhtml" xml:lang="en" lang="en">
 <head>
  <title>
</title>
<meta http-equiv="Content-Type" content="text/html;charset=utf-8" />
  <meta name='ocr-system' content='tesseract 3.04.00' />
  <meta name='ocr-capabilities' content='ocr_page ocr_carea ocr_par ocr_line ocrx_word'/>
</head>
<body>
  <div class='ocr_page' id='page_1' title='image "./deostrogothorum00eisegoog_0012.png"; bbox 0 0 4800 5567; ppageno 0'>
   <div class='ocr_carea' id='block_1_1' title="bbox 1081 86 1440 163">
    <p class='ocr_par' dir='ltr' id='par_1_1' title="bbox 1081 39 1440 163">
     <span class='ocr_line' id='line_1_1' title="bbox 1081 86 1440 163; baseline 0 -18"><span class='ocrx_word' id='word_1_1' title='bbox 1081 122 1134 145; x_wconf 87' lang='lat'><strong>..</strong></span> <span class='ocrx_word' id='word_1_2' title='bbox 1237 86 1306 163; x_wconf 82' lang='lat'><strong>10·</strong></span> <span class='ocrx_word' id='word_1_3' title='bbox 1387 126 1440 145; x_wconf 92' lang='lat'><strong>...</strong></span> 
     </span>
    </p>
   </div>
   <div class='ocr_carea' id='block_1_2' title="bbox 286 293 2221 1583">
    <p class='ocr_par' dir='ltr' id='par_1_2' title="bbox 286 293 2221 1127">
     <span class='ocr_line' id='line_1_2' title="bbox 385 293 2142 415; baseline 0.008 -41"><span class='ocrx_word' id='word_1_4' title='bbox 385 305 541 401; x_wconf 86' lang='lat' dir='ltr'><strong>lingua,</strong></span> <span class='ocrx_word' id='word_1_5' title='bbox 570 322 685 395; x_wconf 89' lang='lat' dir='ltr'><strong>quam</strong></span> <span class='ocrx_word' id='word_1_6' title='bbox 695 294 914 369; x_wconf 85' lang='lat' dir='ltr'><strong>Gothicam</strong></span> <span class='ocrx_word' id='word_1_7' title='bbox 940 317 1144 375; x_wconf 86' lang='lat' dir='ltr'><strong>vocamus.</strong></span> <span class='ocrx_word' id='word_1_8' title='bbox 1170 294 1226 367; x_wconf 90' lang='lat' dir='ltr'><strong>ita</strong></span> <span class='ocrx_word' id='word_1_9' title='bbox 1252 312 1298 367; x_wconf 90' lang='lat' dir='ltr'><strong>ut</strong></span> <span class='ocrx_word' id='word_1_10' title='bbox 1324 293 1371 367; x_wconf 92' lang='lat' dir='ltr'><strong>ad</strong></span> <span class='ocrx_word' id='word_1_11' title='bbox 1398 322 1516 371; x_wconf 87' lang='lat' dir='ltr'><strong>unam</strong></span> <span class='ocrx_word' id='word_1_12' title='bbox 1541 302 1742 379; x_wconf 85' lang='lat' dir='ltr'><strong>universos</strong></span> <span class='ocrx_word' id='word_1_13' title='bbox 1782 330 1936 415; x_wconf 85' lang='lat' dir='ltr'><strong>gentem</strong></span> <span class='ocrx_word' id='word_1_14' title='bbox 1969 314 2142 410; x_wconf 87' lang='lat' dir='ltr'><strong>pertinu-</strong></span> 
     </span>
     <span class='ocr_line' id='line_1_3' title="bbox 386 413 2140 514; baseline 0.009 -23"><span class='ocrx_word' id='word_1_15' title='bbox 386 420 462 491; x_wconf 87' lang='lat' dir='ltr'><strong>isse</strong></span> <span class='ocrx_word' id='word_1_16' title='bbox 489 418 697 514; x_wconf 85' lang='lat' dir='ltr'><strong>quondam,</strong></span> <span class='ocrx_word' id='word_1_17' title='bbox 725 440 769 487; x_wconf 89' lang='lat' dir='ltr'><strong>ao</strong></span> <span class='ocrx_word' id='word_1_18' title='bbox 795 437 953 507; x_wconf 81' lang='lat' dir='ltr'><strong>suorum</strong></span> <span class='ocrx_word' id='word_1_19' title='bbox 980 413 1115 485; x_wconf 90' lang='lat' dir='ltr'><strong>deinde</strong></span> <span class='ocrx_word' id='word_1_20' title='bbox 1142 414 1283 485; x_wconf 91' lang='lat' dir='ltr'><strong>ducum</strong></span> <span class='ocrx_word' id='word_1_21' title='bbox 1301 417 1530 491; x_wconf 82' lang='lat' dir='ltr'><strong>nominibus</strong></span> <span class='ocrx_word' id='word_1_22' title='bbox 1557 418 1740 499; x_wconf 87' lang='lat' dir='ltr'><strong>discretos</strong></span> <span class='ocrx_word' id='word_1_23' title='bbox 1766 426 1886 502; x_wconf 84' lang='lat' dir='ltr'><strong>fuisse</strong></span> <span class='ocrx_word' id='word_1_24' title='bbox 1913 435 2140 507; x_wconf 82' lang='lat' dir='ltr'><strong>existimem.</strong></span> 
     </span>
     <span class='ocr_line' id='line_1_4' title="bbox 286 534 2142 649; baseline 0.008 -39"><span class='ocrx_word' id='word_1_25' title='bbox 286 558 291 567; x_wconf 91' lang='grc'><strong><em>·</em></strong></span> <span class='ocrx_word' id='word_1_26' title='bbox 389 543 492 611; x_wconf 91' lang='lat' dir='ltr'><strong>Haeo</strong></span> <span class='ocrx_word' id='word_1_27' title='bbox 519 534 741 629; x_wconf 78' lang='lat' dir='ltr'><strong>Procopius.</strong></span> <span class='ocrx_word' id='word_1_28' title='bbox 795 538 847 606; x_wconf 90' lang='lat' dir='ltr'><strong>Et</strong></span> <span class='ocrx_word' id='word_1_29' title='bbox 881 534 1119 604; x_wconf 89' lang='lat' dir='ltr'><strong>monendum</strong></span> <span class='ocrx_word' id='word_1_30' title='bbox 1155 552 1232 621; x_wconf 86' lang='lat' dir='ltr'><strong>est,</strong></span> <span class='ocrx_word' id='word_1_31' title='bbox 1271 536 1481 630; x_wconf 83' lang='lat' dir='ltr'><strong>Procopii</strong></span> <span class='ocrx_word' id='word_1_32' title='bbox 1488 543 1773 632; x_wconf 88' lang='lat' dir='ltr'><strong>auctoritatem,</strong></span> <span class='ocrx_word' id='word_1_33' title='bbox 1811 549 1955 647; x_wconf 86' lang='lat' dir='ltr'><strong>quippe</strong></span> <span class='ocrx_word' id='word_1_34' title='bbox 1981 552 2049 647; x_wconf 87' lang='lat' dir='ltr'><strong>qui</strong></span> <span class='ocrx_word' id='word_1_35' title='bbox 2075 578 2142 649; x_wconf 91' lang='lat' dir='ltr'><strong>per</strong></span> 
     </span>
     <span class='ocr_line' id='line_1_5' title="bbox 388 652 2221 768; baseline 0.009 -41"><span class='ocrx_word' id='word_1_36' title='bbox 388 655 559 754; x_wconf 89' lang='lat' dir='ltr'><strong>longum</strong></span> <span class='ocrx_word' id='word_1_37' title='bbox 582 672 732 747; x_wconf 91' lang='lat' dir='ltr'><strong>tempus</strong></span> <span class='ocrx_word' id='word_1_38' title='bbox 762 676 849 725; x_wconf 90' lang='lat' dir='ltr'><strong>cum</strong></span> <span class='ocrx_word' id='word_1_39' title='bbox 877 652 1011 723; x_wconf 89' lang='lat' dir='ltr'><strong>Gothis</strong></span> <span class='ocrx_word' id='word_1_40' title='bbox 1037 666 1209 725; x_wconf 87' lang='lat' dir='ltr'><strong>versatus</strong></span> <span class='ocrx_word' id='word_1_41' title='bbox 1235 670 1344 738; x_wconf 88' lang='lat' dir='ltr'><strong>esset,</strong></span> <span class='ocrx_word' id='word_1_42' title='bbox 1370 654 1479 724; x_wconf 88' lang='lat' dir='ltr'><strong>hac</strong></span> <span class='ocrx_word' id='word_1_43' title='bbox 1467 680 1511 727; x_wconf 88' lang='grc' dir='ltr'><strong>ιιι</strong></span> <span class='ocrx_word' id='word_1_44' title='bbox 1537 682 1578 728; x_wconf 91' lang='lat' dir='ltr'><strong>re</strong></span> <span class='ocrx_word' id='word_1_45' title='bbox 1604 663 1772 735; x_wconf 86' lang='lat' dir='ltr'><strong>multum</strong></span> <span class='ocrx_word' id='word_1_46' title='bbox 1799 669 1949 755; x_wconf 87' lang='lat' dir='ltr'><strong>valere,</strong></span> <span class='ocrx_word' id='word_1_47' title='bbox 1979 693 2144 768; x_wconf 90' lang='lat' dir='ltr'><strong>eumque</strong></span> <span class='ocrx_word' id='word_1_48' title='bbox 2215 720 2221 725; x_wconf 90' lang='lat'>-</span> 
     </span>
     <span class='ocr_line' id='line_1_6' title="bbox 388 767 2145 869; baseline 0.007 -22"><span class='ocrx_word' id='word_1_49' title='bbox 388 799 429 859; x_wconf 90' lang='lat' dir='ltr'><strong>re</strong></span> <span class='ocrx_word' id='word_1_50' title='bbox 454 798 541 845; x_wconf 88' lang='lat' dir='ltr'><strong>vera</strong></span> <span class='ocrx_word' id='word_1_51' title='bbox 570 790 724 867; x_wconf 86' lang='lat' dir='ltr'><strong>praeter</strong></span> <span class='ocrx_word' id='word_1_52' title='bbox 742 774 813 842; x_wconf 91' lang='lat' dir='ltr'><strong>hos</strong></span> <span class='ocrx_word' id='word_1_53' title='bbox 840 770 954 841; x_wconf 88' lang='lat' dir='ltr'><strong>etiam</strong></span> <span class='ocrx_word' id='word_1_54' title='bbox 992 770 1087 841; x_wconf 92' lang='lat' dir='ltr'><strong>alios</strong></span> <span class='ocrx_word' id='word_1_55' title='bbox 1116 769 1272 842; x_wconf 90' lang='lat' dir='ltr'><strong>Gothici</strong></span> <span class='ocrx_word' id='word_1_56' title='bbox 1307 767 1481 845; x_wconf 88' lang='lat' dir='ltr'><strong>nominis</strong></span> <span class='ocrx_word' id='word_1_57' title='bbox 1517 778 1685 869; x_wconf 89' lang='lat' dir='ltr'><strong>populos</strong></span> <span class='ocrx_word' id='word_1_58' title='bbox 1721 805 2040 868; x_wconf 86' lang='lat' dir='ltr'><strong>commemorare,</strong></span> <span class='ocrx_word' id='word_1_59' title='bbox 2078 789 2145 861; x_wconf 88' lang='lat' dir='ltr'><strong>sed</strong></span> 
     </span>
     <span class='ocr_line' id='line_1_7' title="bbox 389 887 2141 994; baseline 0.01 -31"><span class='ocrx_word' id='word_1_60' title='bbox 389 916 434 965; x_wconf 90' lang='lat' dir='ltr'><strong>co</strong></span> <span class='ocrx_word' id='word_1_61' title='bbox 462 891 605 965; x_wconf 81' lang='lat' dir='ltr'><strong>vixisse</strong></span> <span class='ocrx_word' id='word_1_62' title='bbox 640 908 679 961; x_wconf 92' lang='lat' dir='ltr'><strong>et</strong></span> <span class='ocrx_word' id='word_1_63' title='bbox 712 888 908 983; x_wconf 85' lang='lat' dir='ltr'><strong>scripsisse</strong></span> <span class='ocrx_word' id='word_1_64' title='bbox 944 906 1135 983; x_wconf 88' lang='lat' dir='ltr'><strong>tempore,</strong></span> <span class='ocrx_word' id='word_1_65' title='bbox 1171 914 1249 984; x_wconf 91' lang='lat' dir='ltr'><strong>quo</strong></span> <span class='ocrx_word' id='word_1_66' title='bbox 1284 887 1363 981; x_wconf 87' lang='lat' dir='ltr'><strong>jam</strong></span> <span class='ocrx_word' id='word_1_67' title='bbox 1396 894 1678 968; x_wconf 88' lang='lat' dir='ltr'><strong>nonnullorum</strong></span> <span class='ocrx_word' id='word_1_68' title='bbox 1711 900 1947 994; x_wconf 89' lang='lat' dir='ltr'><strong>populorum</strong></span> <span class='ocrx_word' id='word_1_69' title='bbox 1979 907 2141 983; x_wconf 88' lang='lat' dir='ltr'><strong>nomina</strong></span> 
     </span>
     <span class='ocr_line' id='line_1_8' title="bbox 354 1008 2139 1127; baseline 0.009 -45"><span class='ocrx_word' id='word_1_70' title='bbox 354 1112 358 1127; x_wconf 90' lang='lat'><strong>.</strong></span> <span class='ocrx_word' id='word_1_71' title='bbox 387 1008 627 1082; x_wconf 87' lang='lat' dir='ltr'><strong>interierant.</strong></span> <span class='ocrx_word' id='word_1_72' title='bbox 681 1009 859 1079; x_wconf 81' lang='lat' dir='ltr'><strong>Attamen</strong></span> <span class='ocrx_word' id='word_1_73' title='bbox 897 1024 1010 1079; x_wconf 88' lang='lat' dir='ltr'><strong>notas</strong></span> <span class='ocrx_word' id='word_1_74' title='bbox 1049 1008 1230 1079; x_wconf 81' lang='lat' dir='ltr'><strong>Gothicae</strong></span> <span class='ocrx_word' id='word_1_75' title='bbox 1264 1009 1427 1105; x_wconf 86' lang='lat' dir='ltr'><strong>originis</strong></span> <span class='ocrx_word' id='word_1_76' title='bbox 1463 1011 1557 1081; x_wconf 93' lang='lat' dir='ltr'><strong>ab</strong></span> <span class='ocrx_word' id='word_1_77' title='bbox 1545 1036 1633 1107; x_wconf 81' lang='lat' dir='ltr'><strong>apso</strong></span> <span class='ocrx_word' id='word_1_78' title='bbox 1669 1016 1798 1087; x_wconf 87' lang='lat' dir='ltr'><strong>allatas</strong></span> <span class='ocrx_word' id='word_1_79' title='bbox 1833 1044 1915 1093; x_wconf 90' lang='lat' dir='ltr'><strong>non</strong></span> <span class='ocrx_word' id='word_1_80' title='bbox 1950 1045 2011 1093; x_wconf 89' lang='lat' dir='ltr'><strong>eas</strong></span> <span class='ocrx_word' id='word_1_81' title='bbox 2047 1047 2139 1111; x_wconf 88' lang='lat' dir='ltr'><strong>esse,</strong></span> 
     </span>
    </p>

    <p class='ocr_par' dir='ltr' id='par_1_3' title="bbox 389 1125 2143 1583">
     <span class='ocr_line' id='line_1_9' title="bbox 391 1125 2143 1235; baseline 0.007 -34"><span class='ocrx_word' id='word_1_82' title='bbox 391 1128 531 1227; x_wconf 91' lang='lat' dir='ltr'><strong>quibus</strong></span> <span class='ocrx_word' id='word_1_83' title='bbox 560 1144 657 1199; x_wconf 87' lang='lat' dir='ltr'><strong>certa</strong></span> <span class='ocrx_word' id='word_1_84' title='bbox 685 1125 900 1199; x_wconf 89' lang='lat' dir='ltr'><strong>Gothorum</strong></span> <span class='ocrx_word' id='word_1_85' title='bbox 935 1136 1084 1199; x_wconf 85' lang='lat' dir='ltr'><strong>n&#39;atura</strong></span> <span class='ocrx_word' id='word_1_86' title='bbox 1098 1144 1211 1223; x_wconf 87' lang='lat' dir='ltr'><strong>atque</strong></span> <span class='ocrx_word' id='word_1_87' title='bbox 1238 1125 1390 1200; x_wconf 90' lang='lat' dir='ltr'><strong>indoles</strong></span> <span class='ocrx_word' id='word_1_88' title='bbox 1429 1130 1668 1229; x_wconf 77' lang='lat' dir='ltr'><strong>designetur,</strong></span> <span class='ocrx_word' id='word_1_89' title='bbox 1705 1131 1817 1205; x_wconf 87' lang='lat' dir='ltr'><strong>facile</strong></span> <span class='ocrx_word' id='word_1_90' title='bbox 1854 1139 1990 1233; x_wconf 90' lang='lat' dir='ltr'><strong>cuique</strong></span> <span class='ocrx_word' id='word_1_91' title='bbox 2022 1140 2143 1235; x_wconf 88' lang='lat' dir='ltr'><strong>lique·</strong></span> 
     </span>
     <span class='ocr_line' id='line_1_10' title="bbox 389 1244 2143 1345; baseline 0.008 -27"><span class='ocrx_word' id='word_1_92' title='bbox 389 1247 461 1322; x_wconf 89' lang='lat' dir='ltr'><strong>bit.</strong></span> <span class='ocrx_word' id='word_1_93' title='bbox 515 1248 656 1317; x_wconf 87' lang='lat' dir='ltr'><strong>Omnes</strong></span> <span class='ocrx_word' id='word_1_94' title='bbox 683 1244 785 1315; x_wconf 90' lang='lat' dir='ltr'><strong>enim</strong></span> <span class='ocrx_word' id='word_1_95' title='bbox 814 1244 901 1315; x_wconf 87' lang='lat' dir='ltr'><strong>illae</strong></span> <span class='ocrx_word' id='word_1_96' title='bbox 924 1262 1038 1316; x_wconf 86' lang='lat' dir='ltr'><strong>notae</strong></span> <span class='ocrx_word' id='word_1_97' title='bbox 1064 1268 1146 1317; x_wconf 88' lang='lat' dir='ltr'><strong>non</strong></span> <span class='ocrx_word' id='word_1_98' title='bbox 1173 1262 1252 1315; x_wconf 89' lang='lat' dir='ltr'><strong>tam</strong></span> <span class='ocrx_word' id='word_1_99' title='bbox 1279 1246 1322 1316; x_wconf 91' lang='lat' dir='ltr'><strong>in</strong></span> <span class='ocrx_word' id='word_1_100' title='bbox 1351 1249 1495 1320; x_wconf 89' lang='lat' dir='ltr'><strong>Gothos</strong></span> <span class='ocrx_word' id='word_1_101' title='bbox 1524 1274 1639 1345; x_wconf 92' lang='lat' dir='ltr'><strong>quam</strong></span> <span class='ocrx_word' id='word_1_102' title='bbox 1665 1251 1709 1321; x_wconf 91' lang='lat' dir='ltr'><strong>in</strong></span> <span class='ocrx_word' id='word_1_103' title='bbox 1738 1277 1872 1324; x_wconf 89' lang='lat' dir='ltr'><strong>omnes</strong></span> <span class='ocrx_word' id='word_1_104' title='bbox 1900 1258 2143 1332; x_wconf 82' lang='lat' dir='ltr'><strong>Germanicae</strong></span> 
     </span>
     <span class='ocr_line' id='line_1_11' title="bbox 392 1360 2141 1469; baseline 0.006 -30"><span class='ocrx_word' id='word_1_105' title='bbox 392 1365 522 1459; x_wconf 89' lang='lat' dir='ltr'><strong>stirpis</strong></span> <span class='ocrx_word' id='word_1_106' title='bbox 549 1382 679 1462; x_wconf 77' lang='lat' dir='ltr'><strong>gentes</strong></span> <span class='ocrx_word' id='word_1_107' title='bbox 707 1365 849 1437; x_wconf 88' lang='lat' dir='ltr'><strong>cadunt</strong></span> <span class='ocrx_word' id='word_1_108' title='bbox 875 1381 913 1435; x_wconf 91' lang='lat' dir='ltr'><strong>et</strong></span> <span class='ocrx_word' id='word_1_109' title='bbox 939 1364 1043 1457; x_wconf 89' lang='lat' dir='ltr'><strong>quod</strong></span> <span class='ocrx_word' id='word_1_110' title='bbox 1068 1360 1115 1433; x_wconf 87' lang='lat' dir='ltr'><strong>ad</strong></span> <span class='ocrx_word' id='word_1_111' title='bbox 1139 1365 1412 1469; x_wconf 81' lang='lat' dir='ltr'><strong>Arianismum,</strong></span> <span class='ocrx_word' id='word_1_112' title='bbox 1441 1391 1556 1462; x_wconf 90' lang='lat' dir='ltr'><strong>quem</strong></span> <span class='ocrx_word' id='word_1_113' title='bbox 1584 1370 1852 1463; x_wconf 83' lang='lat' dir='ltr'><strong>sequebantur,</strong></span> <span class='ocrx_word' id='word_1_114' title='bbox 1877 1372 2055 1466; x_wconf 86' lang='lat' dir='ltr'><strong>pertinet,</strong></span> <span class='ocrx_word' id='word_1_115' title='bbox 2076 1400 2141 1449; x_wconf 90' lang='lat' dir='ltr'><strong>ne·</strong></span> 
     </span>
     <span class='ocr_line' id='line_1_12' title="bbox 392 1481 2143 1583; baseline 0.005 -28"><span class='ocrx_word' id='word_1_116' title='bbox 392 1509 465 1583; x_wconf 91' lang='lat' dir='ltr'><strong>que</strong></span> <span class='ocrx_word' id='word_1_117' title='bbox 490 1507 624 1556; x_wconf 89' lang='lat' dir='ltr'><strong>verum</strong></span> <span class='ocrx_word' id='word_1_118' title='bbox 651 1483 725 1555; x_wconf 91' lang='lat' dir='ltr'><strong>hoc</strong></span> <span class='ocrx_word' id='word_1_119' title='bbox 752 1482 905 1555; x_wconf 87' lang='lat' dir='ltr'><strong>Gothici</strong></span> <span class='ocrx_word' id='word_1_120' title='bbox 927 1481 1100 1553; x_wconf 88' lang='lat' dir='ltr'><strong>nominis</strong></span> <span class='ocrx_word' id='word_1_121' title='bbox 1122 1481 1313 1555; x_wconf 84' lang='lat' dir='ltr'><strong>indicium</strong></span> <span class='ocrx_word' id='word_1_122' title='bbox 1339 1508 1432 1567; x_wconf 88' lang='lat' dir='ltr'><strong>esse,</strong></span> <span class='ocrx_word' id='word_1_123' title='bbox 1449 1510 1574 1580; x_wconf 89' lang='lat' dir='ltr'><strong>neque</strong></span> <span class='ocrx_word' id='word_1_124' title='bbox 1592 1506 1728 1559; x_wconf 88' lang='lat' dir='ltr'><strong>ornnes</strong></span> <span class='ocrx_word' id='word_1_125' title='bbox 1749 1488 1896 1561; x_wconf 85' lang='lat' dir='ltr'><strong>Gothos</strong></span> <span class='ocrx_word' id='word_1_126' title='bbox 1923 1489 2143 1563; x_wconf 87' lang='lat' dir='ltr'><strong>Arianismo</strong></span> 
     </span>
    </p>
   </div>
   <div class='ocr_carea' id='block_1_3' title="bbox 280 1601 2147 1700">
    <p class='ocr_par' dir='ltr' id='par_1_4' title="bbox 280 1601 2147 1700">
     <span class='ocr_line' id='line_1_13' title="bbox 280 1601 2147 1700; baseline 0.003 -24"><span class='ocrx_word' id='word_1_127' title='bbox 280 1648 283 1657; x_wconf 91' lang='lat'>·</span> <span class='ocrx_word' id='word_1_128' title='bbox 322 1612 325 1619; x_wconf 83' lang='lat'>&#39;</span> <span class='ocrx_word' id='word_1_129' title='bbox 391 1602 533 1677; x_wconf 86' lang='lat' dir='ltr'><strong>favisse</strong></span> <span class='ocrx_word' id='word_1_130' title='bbox 560 1620 707 1675; x_wconf 85' lang='lat' dir='ltr'><strong>certum</strong></span> <span class='ocrx_word' id='word_1_131' title='bbox 734 1617 800 1673; x_wconf 90' lang='lat' dir='ltr'><strong>est</strong></span> <span class='ocrx_word' id='word_1_132' title='bbox 838 1606 1028 1673; x_wconf 89' lang='lat' dir='ltr'><strong>Praeterea</strong></span> <span class='ocrx_word' id='word_1_133' title='bbox 1060 1601 1162 1673; x_wconf 89' lang='lat' dir='ltr'><strong>inter</strong></span> <span class='ocrx_word' id='word_1_134' title='bbox 1196 1602 1371 1699; x_wconf 88' lang='lat' dir='ltr'><strong>singulos</strong></span> <span class='ocrx_word' id='word_1_135' title='bbox 1400 1605 1616 1675; x_wconf 88' lang='lat' dir='ltr'><strong>Gothorum</strong></span> <span class='ocrx_word' id='word_1_136' title='bbox 1644 1604 1822 1698; x_wconf 90' lang='lat' dir='ltr'><strong>populos,</strong></span> <span class='ocrx_word' id='word_1_137' title='bbox 1849 1605 1978 1700; x_wconf 92' lang='lat' dir='ltr'><strong>quoad</strong></span> <span class='ocrx_word' id='word_1_138' title='bbox 2008 1632 2147 1695; x_wconf 89' lang='lat' dir='ltr'><strong>mores,</strong></span> 
     </span>
    </p>
   </div>
   <div class='ocr_carea' id='block_1_4' title="bbox 391 1700 2157 2525">
    <p class='ocr_par' dir='ltr' id='par_1_5' title="bbox 391 1700 2152 2525">
     <span class='ocr_line' id='line_1_14' title="bbox 391 1700 2147 1855; baseline 0 -60"><span class='ocrx_word' id='word_1_139' title='bbox 391 1700 506 1807; x_wconf 71' lang='lat' dir='ltr'><strong>aima,</strong></span> <span class='ocrx_word' id='word_1_140' title='bbox 533 1719 736 1817; x_wconf 88' lang='lat' dir='ltr'><strong>pugnandi</strong></span> <span class='ocrx_word' id='word_1_141' title='bbox 763 1717 956 1791; x_wconf 87' lang='lat' dir='ltr'><strong>rationem</strong></span> <span class='ocrx_word' id='word_1_142' title='bbox 986 1718 1146 1815; x_wconf 84' lang='lat' dir='ltr'><strong>aliaque,</strong></span> <span class='ocrx_word' id='word_1_143' title='bbox 1177 1744 1362 1855; x_wconf 80' lang='lat' dir='ltr'><strong>magnum</strong></span> <span class='ocrx_word' id='word_1_144' title='bbox 1391 1719 1648 1793; x_wconf 87' lang='lat' dir='ltr'><strong>intercessisse</strong></span> <span class='ocrx_word' id='word_1_145' title='bbox 1677 1720 1885 1793; x_wconf 84' lang='lat' dir='ltr'><strong>discrimen</strong></span> <span class='ocrx_word' id='word_1_146' title='bbox 1914 1723 2047 1819; x_wconf 87' lang='lat' dir='ltr'><strong>negari</strong></span> <span class='ocrx_word' id='word_1_147' title='bbox 2080 1748 2147 1795; x_wconf 87' lang='lat' dir='ltr'><strong>ne·</strong></span> 
     </span>
     <span class='ocr_line' id='line_1_15' title="bbox 392 1836 2157 1935; baseline 0.001 -25"><span class='ocrx_word' id='word_1_148' title='bbox 392 1841 488 1935; x_wconf 89' lang='lat' dir='ltr'><strong>quit.</strong></span> <span class='ocrx_word' id='word_1_149' title='bbox 541 1847 669 1931; x_wconf 90' lang='lat' dir='ltr'><strong>ltaque</strong></span> <span class='ocrx_word' id='word_1_150' title='bbox 694 1836 809 1909; x_wconf 81' lang='lat' dir='ltr'><strong>nobis</strong></span> <span class='ocrx_word' id='word_1_151' title='bbox 846 1838 1023 1935; x_wconf 81' lang='lat' dir='ltr'><strong>singulos</strong></span> <span class='ocrx_word' id='word_1_152' title='bbox 1061 1837 1216 1913; x_wconf 85' lang='lat' dir='ltr'><strong>Gothici</strong></span> <span class='ocrx_word' id='word_1_153' title='bbox 1250 1839 1425 1911; x_wconf 91' lang='lat' dir='ltr'><strong>nominis</strong></span> <span class='ocrx_word' id='word_1_154' title='bbox 1464 1840 1633 1934; x_wconf 85' lang='lat' dir='ltr'><strong>populos</strong></span> <span class='ocrx_word' id='word_1_155' title='bbox 1672 1838 1881 1913; x_wconf 85' lang='lat' dir='ltr'><strong>describere</strong></span> <span class='ocrx_word' id='word_1_156' title='bbox 1914 1839 2157 1913; x_wconf 84' lang='lat' dir='ltr'><strong>conantibus</strong></span> 
     </span>
     <span class='ocr_line' id='line_1_16' title="bbox 391 1938 2152 2054; baseline 0 -25"><span class='ocrx_word' id='word_1_157' title='bbox 391 1958 494 2029; x_wconf 89' lang='lat' dir='ltr'><strong>nihil</strong></span> <span class='ocrx_word' id='word_1_158' title='bbox 524 1954 716 2047; x_wconf 91' lang='lat' dir='ltr'><strong>reliquum</strong></span> <span class='ocrx_word' id='word_1_159' title='bbox 749 1972 817 2041; x_wconf 86' lang='lat' dir='ltr'><strong>est,</strong></span> <span class='ocrx_word' id='word_1_160' title='bbox 859 1980 974 2051; x_wconf 85' lang='lat' dir='ltr'><strong>quam</strong></span> <span class='ocrx_word' id='word_1_161' title='bbox 1011 1975 1056 2028; x_wconf 90' lang='lat' dir='ltr'><strong>ut</strong></span> <span class='ocrx_word' id='word_1_162' title='bbox 1088 1975 1262 2031; x_wconf 88' lang='lat' dir='ltr'><strong>veterum</strong></span> <span class='ocrx_word' id='word_1_163' title='bbox 1298 1960 1529 2054; x_wconf 87' lang='lat' dir='ltr'><strong>scriptorum</strong></span> <span class='ocrx_word' id='word_1_164' title='bbox 1563 1957 1785 2030; x_wconf 88' lang='lat' dir='ltr'><strong>testimonia</strong></span> <span class='ocrx_word' id='word_1_165' title='bbox 1823 1938 2037 2053; x_wconf 88' lang='lat' dir='ltr'><strong>sequamur,</strong></span> <span class='ocrx_word' id='word_1_166' title='bbox 2076 1942 2152 2053; x_wconf 81' lang='lat' dir='ltr'><strong>qui</strong></span> 
     </span>
     <span class='ocr_line' id='line_1_17' title="bbox 393 2074 2145 2177; baseline -0.001 -29"><span class='ocrx_word' id='word_1_167' title='bbox 393 2097 527 2148; x_wconf 90' lang='lat' dir='ltr'><strong>eorum</strong></span> <span class='ocrx_word' id='word_1_168' title='bbox 552 2074 788 2166; x_wconf 87' lang='lat' dir='ltr'><strong>populorum</strong></span> <span class='ocrx_word' id='word_1_169' title='bbox 807 2074 1051 2149; x_wconf 81' lang='lat' dir='ltr'><strong>Germanicae</strong></span> <span class='ocrx_word' id='word_1_170' title='bbox 1075 2076 1241 2177; x_wconf 88' lang='lat' dir='ltr'><strong>originis</strong></span> <span class='ocrx_word' id='word_1_171' title='bbox 1260 2080 1513 2172; x_wconf 83' lang='lat' dir='ltr'><strong>complexum</strong></span> <span class='ocrx_word' id='word_1_172' title='bbox 1532 2077 1749 2149; x_wconf 87' lang='lat' dir='ltr'><strong>Gothorum</strong></span> <span class='ocrx_word' id='word_1_173' title='bbox 1767 2078 1930 2147; x_wconf 88' lang='lat' dir='ltr'><strong>nomine</strong></span> <span class='ocrx_word' id='word_1_174' title='bbox 1947 2076 2145 2173; x_wconf 88' lang='lat' dir='ltr'><strong>designare</strong></span> 
     </span>
     <span class='ocr_line' id='line_1_18' title="bbox 395 2190 2148 2289; baseline -0.002 -22"><span class='ocrx_word' id='word_1_175' title='bbox 395 2191 582 2276; x_wconf 88' lang='lat' dir='ltr'><strong>solebant,</strong></span> <span class='ocrx_word' id='word_1_176' title='bbox 611 2190 724 2287; x_wconf 90' lang='lat' dir='ltr'><strong>quia</strong></span> <span class='ocrx_word' id='word_1_177' title='bbox 752 2192 902 2266; x_wconf 87' lang='lat' dir='ltr'><strong>saeculo</strong></span> <span class='ocrx_word' id='word_1_178' title='bbox 936 2194 1103 2267; x_wconf 87' lang='lat' dir='ltr'><strong>secundo</strong></span> <span class='ocrx_word' id='word_1_179' title='bbox 1136 2213 1299 2269; x_wconf 76' lang='lat' dir='ltr'><strong>exeunte</strong></span> <span class='ocrx_word' id='word_1_180' title='bbox 1332 2212 1448 2268; x_wconf 89' lang='lat' dir='ltr'><strong>terras</strong></span> <span class='ocrx_word' id='word_1_181' title='bbox 1482 2220 1503 2265; x_wconf 91' lang='lat' dir='ltr'><strong>a</strong></span> <span class='ocrx_word' id='word_1_182' title='bbox 1538 2194 1721 2267; x_wconf 85' lang='lat' dir='ltr'><strong>Danubio</strong></span> <span class='ocrx_word' id='word_1_183' title='bbox 1752 2193 2035 2289; x_wconf 86' lang='lat' dir='ltr'><strong>septentriones</strong></span> <span class='ocrx_word' id='word_1_184' title='bbox 2064 2216 2148 2267; x_wconf 86' lang='lat' dir='ltr'><strong>ver·</strong></span> 
     </span>
     <span class='ocr_line' id='line_1_19' title="bbox 396 2308 2147 2403; baseline -0.001 -20"><span class='ocrx_word' id='word_1_185' title='bbox 396 2333 460 2383; x_wconf 88' lang='lat' dir='ltr'><strong>sus</strong></span> <span class='ocrx_word' id='word_1_186' title='bbox 501 2308 591 2381; x_wconf 89' lang='lat' dir='ltr'><strong>sitas</strong></span> <span class='ocrx_word' id='word_1_187' title='bbox 631 2326 669 2380; x_wconf 87' lang='lat' dir='ltr'><strong>et</strong></span> <span class='ocrx_word' id='word_1_188' title='bbox 719 2314 846 2383; x_wconf 91' lang='lat' dir='ltr'><strong>Ponto</strong></span> <span class='ocrx_word' id='word_1_189' title='bbox 890 2312 1046 2386; x_wconf 85' lang='lat' dir='ltr'><strong>Euxino</strong></span> <span class='ocrx_word' id='word_1_190' title='bbox 1087 2311 1300 2403; x_wconf 88' lang='lat' dir='ltr'><strong>adjacentes</strong></span> <span class='ocrx_word' id='word_1_191' title='bbox 1337 2330 1497 2386; x_wconf 88' lang='lat' dir='ltr'><strong>tenuere</strong></span> <span class='ocrx_word' id='word_1_192' title='bbox 1539 2329 1577 2383; x_wconf 89' lang='lat' dir='ltr'><strong>et</strong></span> <span class='ocrx_word' id='word_1_193' title='bbox 1613 2311 1707 2385; x_wconf 88' lang='lat' dir='ltr'><strong>inde</strong></span> <span class='ocrx_word' id='word_1_194' title='bbox 1742 2309 1837 2383; x_wconf 85' lang='lat' dir='ltr'><strong>fines</strong></span> <span class='ocrx_word' id='word_1_195' title='bbox 1876 2309 2147 2384; x_wconf 85' lang='lat' dir='ltr'><strong>Romanorum</strong></span> 
     </span>
     <span class='ocr_line' id='line_1_20' title="bbox 395 2428 1223 2525; baseline 0.001 -26"><span class='ocrx_word' id='word_1_196' title='bbox 395 2428 623 2525; x_wconf 80' lang='lat' dir='ltr'><strong>transgressi</strong></span> <span class='ocrx_word' id='word_1_197' title='bbox 656 2428 698 2499; x_wconf 91' lang='lat' dir='ltr'><strong>in</strong></span> <span class='ocrx_word' id='word_1_198' title='bbox 728 2454 862 2501; x_wconf 84' lang='lat' dir='ltr'><strong>eorum</strong></span> <span class='ocrx_word' id='word_1_199' title='bbox 890 2449 1006 2503; x_wconf 86' lang='lat' dir='ltr'><strong>terras</strong></span> <span class='ocrx_word' id='word_1_200' title='bbox 1031 2431 1223 2524; x_wconf 87' lang='lat' dir='ltr'><strong>inrupere.</strong></span> 
     </span>
    </p>
   </div>
   <div class='ocr_carea' id='block_1_5' title="bbox 1214 2621 1324 2699">
    <p class='ocr_par' dir='ltr' id='par_1_6' title="bbox 1214 2621 1324 2699">
     <span class='ocr_line' id='line_1_21' title="bbox 1214 2621 1324 2699; baseline 0 -20"><span class='ocrx_word' id='word_1_201' title='bbox 1214 2621 1324 2699; x_wconf 70' lang='lat' dir='ltr'><strong>§.a</strong></span> 
     </span>
    </p>
   </div>
   <div class='ocr_carea' id='block_1_6' title="bbox 440 2725 2096 2879">
    <p class='ocr_par' dir='ltr' id='par_1_7' title="bbox 440 2725 2096 2879">
     <span class='ocr_line' id='line_1_22' title="bbox 440 2725 2096 2879; baseline 0.001 -57"><span class='ocrx_word' id='word_1_202' title='bbox 440 2754 502 2821; x_wconf 83' lang='lat' dir='ltr'><strong>De</strong></span> <span class='ocrx_word' id='word_1_203' title='bbox 514 2751 593 2833; x_wconf 85' lang='lat' dir='ltr'><strong>oia,</strong></span> <span class='ocrx_word' id='word_1_204' title='bbox 613 2772 709 2843; x_wconf 84' lang='lat' dir='ltr'><strong>quae</strong></span> <span class='ocrx_word' id='word_1_205' title='bbox 727 2749 764 2817; x_wconf 85' lang='lat' dir='ltr'><strong>in</strong></span> <span class='ocrx_word' id='word_1_206' title='bbox 784 2742 1029 2817; x_wconf 84' lang='lat' dir='ltr'><strong>describendis</strong></span> <span class='ocrx_word' id='word_1_207' title='bbox 1046 2742 1206 2841; x_wconf 84' lang='lat' dir='ltr'><strong>singulis</strong></span> <span class='ocrx_word' id='word_1_208' title='bbox 1220 2740 1434 2816; x_wconf 84' lang='lat' dir='ltr'><strong>Gothorum</strong></span> <span class='ocrx_word' id='word_1_209' title='bbox 1447 2742 1598 2839; x_wconf 83' lang='lat' dir='ltr'><strong>populis</strong></span> <span class='ocrx_word' id='word_1_210' title='bbox 1617 2744 1779 2816; x_wconf 80' lang='lat' dir='ltr'><strong>ineunda</strong></span> <span class='ocrx_word' id='word_1_211' title='bbox 1790 2725 1995 2879; x_wconf 76' lang='lat' dir='ltr'><strong>videbatur</strong></span> <span class='ocrx_word' id='word_1_212' title='bbox 2011 2772 2096 2871; x_wconf 85' lang='lat' dir='ltr'><strong>esse.</strong></span> 
     </span>
    </p>
   </div>
   <div class='ocr_carea' id='block_1_7' title="bbox 328 2869 2148 3944">
    <p class='ocr_par' dir='ltr' id='par_1_8' title="bbox 328 2869 2148 3944">
     <span class='ocr_line' id='line_1_23' title="bbox 499 2869 2148 2995; baseline -0.001 -20"><span class='ocrx_word' id='word_1_213' title='bbox 499 2908 596 2975; x_wconf 83' lang='lat' dir='ltr'><strong>Cum</strong></span> <span class='ocrx_word' id='word_1_214' title='bbox 627 2898 673 2969; x_wconf 88' lang='lat' dir='ltr'><strong>ad</strong></span> <span class='ocrx_word' id='word_1_215' title='bbox 700 2924 780 2971; x_wconf 89' lang='lat' dir='ltr'><strong>rem</strong></span> <span class='ocrx_word' id='word_1_216' title='bbox 807 2896 1045 2992; x_wconf 89' lang='lat' dir='ltr'><strong>propositam</strong></span> <span class='ocrx_word' id='word_1_217' title='bbox 1077 2890 1366 2995; x_wconf 81' lang='lat' dir='ltr'><strong>discernendam</strong></span> <span class='ocrx_word' id='word_1_218' title='bbox 1394 2894 1561 2967; x_wconf 82' lang='lat' dir='ltr'><strong>maxime</strong></span> <span class='ocrx_word' id='word_1_219' title='bbox 1589 2896 1641 2967; x_wconf 89' lang='lat' dir='ltr'><strong>sit</strong></span> <span class='ocrx_word' id='word_1_220' title='bbox 1665 2869 1934 2985; x_wconf 82' lang='lat' dir='ltr'><strong>necessarium,</strong></span> <span class='ocrx_word' id='word_1_221' title='bbox 1968 2895 2037 2994; x_wconf 87' lang='lat' dir='ltr'><strong>qui</strong></span> <span class='ocrx_word' id='word_1_222' title='bbox 2065 2898 2148 2974; x_wconf 87' lang='lat' dir='ltr'><strong>fue·</strong></span> 
     </span>
     <span class='ocr_line' id='line_1_24' title="bbox 395 3000 2148 3116; baseline -0.002 -23"><span class='ocrx_word' id='word_1_223' title='bbox 395 3020 477 3093; x_wconf 86' lang='lat' dir='ltr'><strong>rint</strong></span> <span class='ocrx_word' id='word_1_224' title='bbox 506 3017 652 3116; x_wconf 88' lang='lat' dir='ltr'><strong>singuli</strong></span> <span class='ocrx_word' id='word_1_225' title='bbox 685 3000 898 3087; x_wconf 89' lang='lat' dir='ltr'><strong>Gothorum</strong></span> <span class='ocrx_word' id='word_1_226' title='bbox 926 3012 1065 3109; x_wconf 90' lang='lat' dir='ltr'><strong>populi</strong></span> <span class='ocrx_word' id='word_1_227' title='bbox 1092 3028 1129 3083; x_wconf 88' lang='lat' dir='ltr'><strong>et</strong></span> <span class='ocrx_word' id='word_1_228' title='bbox 1159 3037 1251 3108; x_wconf 88' lang='lat' dir='ltr'><strong>quas</strong></span> <span class='ocrx_word' id='word_1_229' title='bbox 1280 3014 1477 3084; x_wconf 90' lang='lat' dir='ltr'><strong>tenuerint</strong></span> <span class='ocrx_word' id='word_1_230' title='bbox 1506 3010 1669 3098; x_wconf 89' lang='lat' dir='ltr'><strong>sedes,</strong></span> <span class='ocrx_word' id='word_1_231' title='bbox 1657 3016 1851 3109; x_wconf 81' lang='lat' dir='ltr'><strong>anquirere</strong></span> <span class='ocrx_word' id='word_1_232' title='bbox 1880 3041 2045 3114; x_wconf 89' lang='lat' dir='ltr'><strong>cumque</strong></span> <span class='ocrx_word' id='word_1_233' title='bbox 2073 3023 2148 3090; x_wconf 89' lang='lat' dir='ltr'><strong>Go-</strong></span> 
     </span>
     <span class='ocr_line' id='line_1_25' title="bbox 395 3131 2145 3229; baseline -0.002 -18"><span class='ocrx_word' id='word_1_234' title='bbox 395 3138 473 3211; x_wconf 88' lang='lat' dir='ltr'><strong>this</strong></span> <span class='ocrx_word' id='word_1_235' title='bbox 502 3138 544 3207; x_wconf 90' lang='lat' dir='ltr'><strong>in</strong></span> <span class='ocrx_word' id='word_1_236' title='bbox 568 3140 831 3206; x_wconf 84' lang='lat' dir='ltr'><strong>Romanorum</strong></span> <span class='ocrx_word' id='word_1_237' title='bbox 858 3150 971 3203; x_wconf 85' lang='lat' dir='ltr'><strong>terras</strong></span> <span class='ocrx_word' id='word_1_238' title='bbox 1003 3131 1246 3229; x_wconf 83' lang='lat' dir='ltr'><strong>transgressis</strong></span> <span class='ocrx_word' id='word_1_239' title='bbox 1267 3132 1440 3225; x_wconf 89' lang='lat' dir='ltr'><strong>ipsorum</strong></span> <span class='ocrx_word' id='word_1_240' title='bbox 1467 3155 1524 3205; x_wconf 90' lang='lat' dir='ltr'><strong>res</strong></span> <span class='ocrx_word' id='word_1_241' title='bbox 1546 3132 1714 3204; x_wconf 81' lang='lat' dir='ltr'><strong>maxime</strong></span> <span class='ocrx_word' id='word_1_242' title='bbox 1739 3132 1924 3221; x_wconf 85' lang='lat' dir='ltr'><strong>inversas,</strong></span> <span class='ocrx_word' id='word_1_243' title='bbox 1945 3136 2026 3208; x_wconf 91' lang='lat' dir='ltr'><strong>imo</strong></span> <span class='ocrx_word' id='word_1_244' title='bbox 2044 3160 2145 3207; x_wconf 89' lang='lat' dir='ltr'><strong>non·</strong></span> 
     </span>
     <span class='ocr_line' id='line_1_26' title="bbox 328 3250 2148 3351; baseline -0.003 -24"><span class='ocrx_word' id='word_1_245' title='bbox 328 3342 337 3351; x_wconf 44' lang='lat'>‚</span> <span class='ocrx_word' id='word_1_246' title='bbox 395 3254 596 3327; x_wconf 88' lang='lat' dir='ltr'><strong>nullorum</strong></span> <span class='ocrx_word' id='word_1_247' title='bbox 621 3252 857 3348; x_wconf 89' lang='lat' dir='ltr'><strong>populorum</strong></span> <span class='ocrx_word' id='word_1_248' title='bbox 884 3250 1044 3324; x_wconf 89' lang='lat' dir='ltr'><strong>nomina</strong></span> <span class='ocrx_word' id='word_1_249' title='bbox 1081 3250 1195 3343; x_wconf 91' lang='lat' dir='ltr'><strong>plane</strong></span> <span class='ocrx_word' id='word_1_250' title='bbox 1221 3250 1407 3321; x_wconf 84' lang='lat' dir='ltr'><strong>exstincta</strong></span> <span class='ocrx_word' id='word_1_251' title='bbox 1435 3274 1514 3323; x_wconf 90' lang='lat' dir='ltr'><strong>esse</strong></span> <span class='ocrx_word' id='word_1_252' title='bbox 1549 3250 1710 3323; x_wconf 82' lang='lat' dir='ltr'><strong>historia</strong></span> <span class='ocrx_word' id='word_1_253' title='bbox 1752 3252 1908 3331; x_wconf 88' lang='lat' dir='ltr'><strong>doceat,</strong></span> <span class='ocrx_word' id='word_1_254' title='bbox 1952 3250 2148 3342; x_wconf 88' lang='lat' dir='ltr'><strong>optimum</strong></span> 
     </span>
     <span class='ocr_line' id='line_1_27' title="bbox 396 3353 2148 3463; baseline -0.005 -16"><span class='ocrx_word' id='word_1_255' title='bbox 396 3372 511 3447; x_wconf 86' lang='lat' dir='ltr'><strong>nobis</strong></span> <span class='ocrx_word' id='word_1_256' title='bbox 538 3374 667 3445; x_wconf 89' lang='lat' dir='ltr'><strong>visum</strong></span> <span class='ocrx_word' id='word_1_257' title='bbox 698 3353 772 3455; x_wconf 59' lang='lat' dir='ltr'><strong>ests</strong></span> <span class='ocrx_word' id='word_1_258' title='bbox 793 3370 839 3441; x_wconf 91' lang='lat' dir='ltr'><strong>ad</strong></span> <span class='ocrx_word' id='word_1_259' title='bbox 865 3394 905 3439; x_wconf 87' lang='lat' dir='ltr'><strong>ea</strong></span> <span class='ocrx_word' id='word_1_260' title='bbox 936 3368 1182 3463; x_wconf 88' lang='lat' dir='ltr'><strong>potissimum</strong></span> <span class='ocrx_word' id='word_1_261' title='bbox 1211 3370 1281 3441; x_wconf 88' lang='lat' dir='ltr'><strong>hac</strong></span> <span class='ocrx_word' id='word_1_262' title='bbox 1309 3371 1352 3441; x_wconf 91' lang='lat' dir='ltr'><strong>in</strong></span> <span class='ocrx_word' id='word_1_263' title='bbox 1374 3392 1414 3439; x_wconf 86' lang='lat' dir='ltr'><strong>re</strong></span> <span class='ocrx_word' id='word_1_264' title='bbox 1444 3368 1629 3463; x_wconf 76' lang='lat' dir='ltr'><strong>respicere</strong></span> <span class='ocrx_word' id='word_1_265' title='bbox 1654 3384 1841 3463; x_wconf 87' lang='lat' dir='ltr'><strong>tempora,</strong></span> <span class='ocrx_word' id='word_1_266' title='bbox 1869 3367 2007 3463; x_wconf 82' lang='lat' dir='ltr'><strong>quibus</strong></span> <span class='ocrx_word' id='word_1_267' title='bbox 2029 3366 2148 3439; x_wconf 89' lang='lat' dir='ltr'><strong>Gothi</strong></span> 
     </span>
     <span class='ocr_line' id='line_1_28' title="bbox 397 3485 2148 3588; baseline -0.003 -25"><span class='ocrx_word' id='word_1_268' title='bbox 397 3491 519 3563; x_wconf 90' lang='lat' dir='ltr'><strong>adhuc</strong></span> <span class='ocrx_word' id='word_1_269' title='bbox 542 3508 658 3562; x_wconf 87' lang='lat' dir='ltr'><strong>terras</strong></span> <span class='ocrx_word' id='word_1_270' title='bbox 694 3502 798 3559; x_wconf 83' lang='lat' dir='ltr'><strong>trans</strong></span> <span class='ocrx_word' id='word_1_271' title='bbox 838 3488 1063 3559; x_wconf 82' lang='lat' dir='ltr'><strong>Danubium</strong></span> <span class='ocrx_word' id='word_1_272' title='bbox 1094 3486 1185 3559; x_wconf 89' lang='lat' dir='ltr'><strong>sitas</strong></span> <span class='ocrx_word' id='word_1_273' title='bbox 1225 3505 1381 3562; x_wconf 88' lang='lat' dir='ltr'><strong>tenuere</strong></span> <span class='ocrx_word' id='word_1_274' title='bbox 1415 3502 1453 3557; x_wconf 92' lang='lat' dir='ltr'><strong>et</strong></span> <span class='ocrx_word' id='word_1_275' title='bbox 1487 3510 1649 3559; x_wconf 85' lang='lat' dir='ltr'><strong>numero</strong></span> <span class='ocrx_word' id='word_1_276' title='bbox 1691 3502 1745 3588; x_wconf 78' lang='lat' dir='ltr'><strong>et¹</strong></span> <span class='ocrx_word' id='word_1_277' title='bbox 1765 3485 1940 3581; x_wconf 88' lang='lat' dir='ltr'><strong>potentia</strong></span> <span class='ocrx_word' id='word_1_278' title='bbox 1979 3485 2148 3559; x_wconf 84' lang='lat' dir='ltr'><strong>maxime</strong></span> 
     </span>
     <span class='ocr_line' id='line_1_29' title="bbox 398 3603 2147 3703; baseline -0.005 -20"><span class='ocrx_word' id='word_1_279' title='bbox 398 3609 570 3685; x_wconf 85' lang='lat' dir='ltr'><strong>floruere.</strong></span> <span class='ocrx_word' id='word_1_280' title='bbox 626 3613 708 3703; x_wconf 83' lang='lat' dir='ltr'><strong>Qua</strong></span> <span class='ocrx_word' id='word_1_281' title='bbox 738 3608 780 3678; x_wconf 91' lang='lat' dir='ltr'><strong>in</strong></span> <span class='ocrx_word' id='word_1_282' title='bbox 805 3630 845 3678; x_wconf 90' lang='lat' dir='ltr'><strong>re</strong></span> <span class='ocrx_word' id='word_1_283' title='bbox 871 3604 1063 3701; x_wconf 87' lang='lat' dir='ltr'><strong>duplicem</strong></span> <span class='ocrx_word' id='word_1_284' title='bbox 1093 3607 1198 3677; x_wconf 83' lang='lat' dir='ltr'><strong>viam</strong></span> <span class='ocrx_word' id='word_1_285' title='bbox 1228 3603 1322 3675; x_wconf 88' lang='lat' dir='ltr'><strong>iniri</strong></span> <span class='ocrx_word' id='word_1_286' title='bbox 1346 3628 1461 3698; x_wconf 68' lang='lat' dir='ltr'><strong>,posse</strong></span> <span class='ocrx_word' id='word_1_287' title='bbox 1487 3603 1621 3699; x_wconf 90' lang='lat' dir='ltr'><strong>liquet.</strong></span> <span class='ocrx_word' id='word_1_288' title='bbox 1672 3604 1751 3675; x_wconf 88' lang='lat' dir='ltr'><strong>Aut</strong></span> <span class='ocrx_word' id='word_1_289' title='bbox 1787 3606 1930 3675; x_wconf 88' lang='lat' dir='ltr'><strong>virium</strong></span> <span class='ocrx_word' id='word_1_290' title='bbox 1955 3620 2003 3677; x_wconf 45' lang='lat' dir='ltr'><strong>et‘</strong></span> <span class='ocrx_word' id='word_1_291' title='bbox 2021 3604 2147 3699; x_wconf 85' lang='lat' dir='ltr'><strong>copia·</strong></span> 
     </span>
     <span class='ocr_line' id='line_1_30' title="bbox 399 3720 2147 3822; baseline -0.003 -24"><span class='ocrx_word' id='word_1_292' title='bbox 399 3749 497 3813; x_wconf 88' lang='lat' dir='ltr'><strong>rum,</strong></span> <span class='ocrx_word' id='word_1_293' title='bbox 529 3726 669 3822; x_wconf 88' lang='lat' dir='ltr'><strong>quibus</strong></span> <span class='ocrx_word' id='word_1_294' title='bbox 696 3750 798 3797; x_wconf 89' lang='lat' dir='ltr'><strong>unus</strong></span> <span class='ocrx_word' id='word_1_295' title='bbox 825 3726 985 3797; x_wconf 87' lang='lat' dir='ltr'><strong>alterum</strong></span> <span class='ocrx_word' id='word_1_296' title='bbox 1014 3726 1176 3796; x_wconf 88' lang='lat' dir='ltr'><strong>anteiret</strong></span> <span class='ocrx_word' id='word_1_297' title='bbox 1203 3724 1404 3817; x_wconf 87' lang='lat' dir='ltr'><strong>populum,</strong></span> <span class='ocrx_word' id='word_1_298' title='bbox 1431 3739 1498 3793; x_wconf 86' lang='lat' dir='ltr'><strong>aut</strong></span> <span class='ocrx_word' id='word_1_299' title='bbox 1530 3721 1680 3807; x_wconf 88' lang='lat' dir='ltr'><strong>finium,</strong></span> <span class='ocrx_word' id='word_1_300' title='bbox 1704 3746 1801 3818; x_wconf 90' lang='lat' dir='ltr'><strong>quos</strong></span> <span class='ocrx_word' id='word_1_301' title='bbox 1821 3740 1989 3808; x_wconf 85' lang='lat' dir='ltr'><strong>tenuere,</strong></span> <span class='ocrx_word' id='word_1_302' title='bbox 2015 3720 2147 3793; x_wconf 89' lang='lat' dir='ltr'><strong>habita</strong></span> 
     </span>
     <span class='ocr_line' id='line_1_31' title="bbox 398 3840 2148 3944; baseline -0.004 -28"><span class='ocrx_word' id='word_1_303' title='bbox 398 3850 547 3918; x_wconf 89' lang='lat' dir='ltr'><strong>ratione</strong></span> <span class='ocrx_word' id='word_1_304' title='bbox 575 3845 719 3944; x_wconf 88' lang='lat' dir='ltr'><strong>singuli</strong></span> <span class='ocrx_word' id='word_1_305' title='bbox 748 3844 963 3916; x_wconf 86' lang='lat' dir='ltr'><strong>enumerari</strong></span> <span class='ocrx_word' id='word_1_306' title='bbox 987 3858 1163 3937; x_wconf 89' lang='lat' dir='ltr'><strong>possunt.</strong></span> <span class='ocrx_word' id='word_1_307' title='bbox 1195 3900 1198 3909; x_wconf 96' lang='lat'><strong>.</strong></span> <span class='ocrx_word' id='word_1_308' title='bbox 1219 3846 1317 3912; x_wconf 88' lang='lat' dir='ltr'><strong>Cum</strong></span> <span class='ocrx_word' id='word_1_309' title='bbox 1340 3858 1466 3914; x_wconf 80' lang='lat' dir='ltr'><strong>autem</strong></span> <span class='ocrx_word' id='word_1_310' title='bbox 1494 3840 1538 3911; x_wconf 89' lang='lat' dir='ltr'><strong>in</strong></span> <span class='ocrx_word' id='word_1_311' title='bbox 1571 3842 1746 3937; x_wconf 85' lang='lat' dir='ltr'><strong>sequenti</strong></span> <span class='ocrx_word' id='word_1_312' title='bbox 1767 3840 2030 3937; x_wconf 87' lang='lat' dir='ltr'><strong>disputatione</strong></span> <span class='ocrx_word' id='word_1_313' title='bbox 2048 3840 2148 3911; x_wconf 90' lang='lat' dir='ltr'><strong>mul·</strong></span> 
     </span>
    </p>
   </div>
   <div class='ocr_carea' id='block_1_8' title="bbox 263 3951 2146 4065">
    <p class='ocr_par' dir='ltr' id='par_1_9' title="bbox 263 3951 2146 4065">
     <span class='ocr_line' id='line_1_32' title="bbox 263 3951 2146 4065; baseline -0.005 -29"><span class='ocrx_word' id='word_1_314' title='bbox 263 4050 273 4065; x_wconf 37' lang='lat'><em>⁴</em></span> <span class='ocrx_word' id='word_1_315' title='bbox 317 4010 341 4063; x_wconf 60' lang='lat'><strong>„4</strong></span> <span class='ocrx_word' id='word_1_316' title='bbox 396 3983 481 4037; x_wconf 89' lang='lat' dir='ltr'><strong>tum</strong></span> <span class='ocrx_word' id='word_1_317' title='bbox 506 3964 660 4035; x_wconf 82' lang='lat' dir='ltr'><strong>intersit</strong></span> <span class='ocrx_word' id='word_1_318' title='bbox 688 3962 795 4047; x_wconf 88' lang='lat' dir='ltr'><strong>scire,</strong></span> <span class='ocrx_word' id='word_1_319' title='bbox 826 3962 894 4059; x_wconf 89' lang='lat' dir='ltr'><strong>qui</strong></span> <span class='ocrx_word' id='word_1_320' title='bbox 922 3961 1168 4058; x_wconf 86' lang='lat' dir='ltr'><strong>singulorum</strong></span> <span class='ocrx_word' id='word_1_321' title='bbox 1195 3960 1429 4055; x_wconf 88' lang='lat' dir='ltr'><strong>populorum</strong></span> <span class='ocrx_word' id='word_1_322' title='bbox 1455 3956 1573 4031; x_wconf 82' lang='lat' dir='ltr'><strong>fuerit</strong></span> <span class='ocrx_word' id='word_1_323' title='bbox 1593 3960 1715 4044; x_wconf 83' lang='lat' dir='ltr'><strong>situs,</strong></span> <span class='ocrx_word' id='word_1_324' title='bbox 1753 3959 1999 4054; x_wconf 85' lang='lat' dir='ltr'><strong>potissimum</strong></span> <span class='ocrx_word' id='word_1_325' title='bbox 2032 3951 2146 4048; x_wconf 79' lang='lat' dir='ltr'><strong>hujus</strong></span> 
     </span>
    </p>
   </div>
   <div class='ocr_carea' id='block_1_9' title="bbox 392 4076 2195 4413">
    <p class='ocr_par' dir='ltr' id='par_1_10' title="bbox 392 4076 2195 4413">
     <span class='ocr_line' id='line_1_33' title="bbox 396 4076 2195 4175; baseline -0.004 -21"><span class='ocrx_word' id='word_1_326' title='bbox 396 4084 450 4155; x_wconf 90' lang='lat' dir='ltr'><strong>rei</strong></span> <span class='ocrx_word' id='word_1_327' title='bbox 477 4082 574 4153; x_wconf 89' lang='lat' dir='ltr'><strong>ratio</strong></span> <span class='ocrx_word' id='word_1_328' title='bbox 602 4080 774 4153; x_wconf 89' lang='lat' dir='ltr'><strong>habenda</strong></span> <span class='ocrx_word' id='word_1_329' title='bbox 803 4097 872 4155; x_wconf 89' lang='lat' dir='ltr'><strong>est.</strong></span> <span class='ocrx_word' id='word_1_330' title='bbox 926 4086 1057 4175; x_wconf 88' lang='lat' dir='ltr'><strong>Itaque</strong></span> <span class='ocrx_word' id='word_1_331' title='bbox 1085 4079 1128 4150; x_wconf 89' lang='lat' dir='ltr'><strong>in</strong></span> <span class='ocrx_word' id='word_1_332' title='bbox 1157 4077 1219 4151; x_wconf 89' lang='lat' dir='ltr'><strong>his</strong></span> <span class='ocrx_word' id='word_1_333' title='bbox 1252 4078 1409 4174; x_wconf 90' lang='lat' dir='ltr'><strong>populis</strong></span> <span class='ocrx_word' id='word_1_334' title='bbox 1446 4076 1703 4151; x_wconf 85' lang='lat' dir='ltr'><strong>describendis</strong></span> <span class='ocrx_word' id='word_1_335' title='bbox 1740 4078 1786 4149; x_wconf 88' lang='lat' dir='ltr'><strong>ab</strong></span> <span class='ocrx_word' id='word_1_336' title='bbox 1823 4102 1864 4149; x_wconf 92' lang='lat' dir='ltr'><strong>ea</strong></span> <span class='ocrx_word' id='word_1_337' title='bbox 1900 4092 2007 4172; x_wconf 88' lang='lat' dir='ltr'><strong>parte</strong></span> <span class='ocrx_word' id='word_1_338' title='bbox 2046 4076 2150 4148; x_wconf 81' lang='lat' dir='ltr'><strong>exire</strong></span> <span class='ocrx_word' id='word_1_339' title='bbox 2191 4140 2195 4147; x_wconf 87' lang='lat'><strong>.</strong></span> 
     </span>
     <span class='ocr_line' id='line_1_34' title="bbox 396 4194 2149 4299; baseline -0.005 -26"><span class='ocrx_word' id='word_1_340' title='bbox 396 4201 588 4299; x_wconf 86' lang='lat' dir='ltr'><strong>optimum</strong></span> <span class='ocrx_word' id='word_1_341' title='bbox 615 4198 827 4286; x_wconf 88' lang='lat' dir='ltr'><strong>videbatur,</strong></span> <span class='ocrx_word' id='word_1_342' title='bbox 861 4222 935 4295; x_wconf 90' lang='lat' dir='ltr'><strong>qua</strong></span> <span class='ocrx_word' id='word_1_343' title='bbox 965 4198 1057 4270; x_wconf 88' lang='lat' dir='ltr'><strong>certi</strong></span> <span class='ocrx_word' id='word_1_344' title='bbox 1083 4197 1259 4273; x_wconf 88' lang='lat' dir='ltr'><strong>nominis</strong></span> <span class='ocrx_word' id='word_1_345' title='bbox 1289 4196 1443 4271; x_wconf 90' lang='lat' dir='ltr'><strong>Gothici</strong></span> <span class='ocrx_word' id='word_1_346' title='bbox 1469 4214 1691 4293; x_wconf 87' lang='lat' dir='ltr'><strong>comparent</strong></span> <span class='ocrx_word' id='word_1_347' title='bbox 1715 4194 1824 4284; x_wconf 84' lang='lat' dir='ltr'><strong>lines,</strong></span> <span class='ocrx_word' id='word_1_348' title='bbox 1861 4196 1902 4267; x_wconf 90' lang='lat' dir='ltr'><strong>id</strong></span> <span class='ocrx_word' id='word_1_349' title='bbox 1933 4210 2001 4283; x_wconf 86' lang='lat' dir='ltr'><strong>est,</strong></span> <span class='ocrx_word' id='word_1_350' title='bbox 2030 4217 2052 4265; x_wconf 91' lang='lat' dir='ltr'><strong>a</strong></span> <span class='ocrx_word' id='word_1_351' title='bbox 2078 4198 2149 4265; x_wconf 89' lang='lat' dir='ltr'><strong>Ta·</strong></span> 
     </span>
     <span class='ocr_line' id='line_1_35' title="bbox 392 4314 1159 4413; baseline -0.003 -22"><span class='ocrx_word' id='word_1_352' title='bbox 392 4321 458 4391; x_wconf 83' lang='lat' dir='ltr'><strong>nai</strong></span> <span class='ocrx_word' id='word_1_353' title='bbox 488 4316 647 4391; x_wconf 85' lang='lat' dir='ltr'><strong>flumine</strong></span> <span class='ocrx_word' id='word_1_354' title='bbox 673 4335 711 4390; x_wconf 89' lang='lat' dir='ltr'><strong>et</strong></span> <span class='ocrx_word' id='word_1_355' title='bbox 738 4342 757 4391; x_wconf 88' lang='lat' dir='ltr'><strong>a</strong></span> <span class='ocrx_word' id='word_1_356' title='bbox 784 4316 979 4391; x_wconf 89' lang='lat' dir='ltr'><strong>Maeotide</strong></span> <span class='ocrx_word' id='word_1_357' title='bbox 1010 4314 1159 4413; x_wconf 89' lang='lat' dir='ltr'><strong>palude.</strong></span> 
     </span>
    </p>
   </div>
   <div class='ocr_carea' id='block_1_10' title="bbox 0 0 2417 5567">
    <p class='ocr_par' dir='ltr' id='par_1_11' title="bbox 0 0 2417 5567">
     <span class='ocr_line' id='line_1_36' title="bbox 0 0 2417 5567; baseline 0 0"><span class='ocrx_word' id='word_1_358' title='bbox 0 0 2417 5567; x_wconf 95' lang='lat' dir='ltr'><strong> </strong></span> 
     </span>
    </p>
   </div>
  </div>
 </body>
</html>
