4800 5567
1078 122 1570 216 *38*‚

383 342 479 426 fuit,
507 334 660 413 sedibus
695 330 838 408 relictis
874 330 1101 407 Danubium
1140 328 1309 425 traiecit,
1344 354 1391 409 ut
1425 334 1576 436 aliquos
1613 360 1751 424 eorum
1781 341 2031 433 remansisse,
2056 343 2140 438 iure

383 444 551 516 dubitari
577 440 699 511 liceat.
729 436 778 509 cf.
807 434 887 528 huj.
923 442 1128 511 comment.
1156 461 1187 509 c.
1215 442 1253 524 I,
1281 442 1316 532 §.
1346 461 1380 527 g.
1454 454 1459 459 ’

294 533 311 547 ”
435 562 439 571 ·
487 566 521 633 3.
551 544 590 615 si
615 542 848 621 Jornandem
875 540 1097 636 sequimur,
1127 532 1261 615 omnes
1289 540 1430 626 Gothi,
1459 529 1617 635 Gepidis
1642 540 1822 641 exceptis,
1849 548 1892 619 iu
1919 545 2012 621 duas
2040 544 2138 622 abie-

379 664 477 742 ¹runt
503 662 647 743 partes,
676 642 718 713 in
745 644 967 741 visigothos
995 658 1032 713 et
1059 642 1328 741 ostrogothos.
1381 645 1560 717 Attamen
1586 646 1674 741 ipso
1705 663 1801 719 teste
1828 674 1859 721 c.
1888 672 1948 741 51·
1975 650 2140 725 immen-

383 751 448 825 sus
477 745 691 820 Gothorum
718 746 910 841 populus,
947 768 1036 817 oum
1071 742 1264 844 visigothi
1299 744 1551 841 Hispaniam,
1589 750 1816 849 Ostrogothi
1850 752 2004 825 Italiam
2038 770 2142 827 tene·

384 848 708 940 rent,‘Moesiam
735 846 950 931 incoluere,
980 846 1049 943 qui
1074 846 1205 920 neutri
1231 847 1391 920 illorum
1426 848 1526 946 parti
1553 849 1844 926 adscribuntur.·
2127 856 2134 868 '

481 944 523 1045 q.
549 948 761 1049 visigothis
789 950 1014 1021 Danubium
1040 951 1283 1049 transgressis
1303 951 1530 1048 Ostrogothi
1548 944 1592 1052 in'
1612 975 1680 1024 sua
1700 954 1842 1049 patria,
1870 952 1912 1027 id
1939 970 2008 1043 est,
2034 950 2144 1049 juxti

383 1054 621 1140 Maeotidem
650 1052 828 1123 remorati
854 1076 933 1124 esse
962 1052 1154 1124 dicuntur.
1208 1052 1260 1123 At
1295 1051 1618 1151 quemadmodum
1650 1053 1777 1149 prima
1802 1054 1919 1145 hujus
1947 1053 2145 1134 commens-

384 1156 545 1229 tationis
571 1171 677 1249 parte
705 1149 1008 1226 demonstratum
1035 1170 1093 1225 est
1121 1152 1174 1243 (ᾗ.
1207 1157 1351 1247 37·6)
1381 1156 1595 1227 Gothorum
1621 1157 1772 1252 populi,
1794 1160 1868 1249 qui
1896 1160 1993 1232 circa
2011 1162 2146 1240 Ivlaeo·⁸

385 1252 512 1330 tidem'
532 1256 672 1327 versati
698 1272 826 1340 erant,
854 1255 1006 1329 sedibus
1033 1254 1178 1328 relictis
1206 1280 1283 1328 una
1310 1280 1400 1327 cum
1426 1258 1585 1330 Hunnis
1622 1256 1877 1331 occidentales
1904 1262 2046 1355 petiere
2073 1278 2145 1353 ter-

386 1383 458 1433 ras.
512 1364 704 1432 Praeterea
734 1358 1009 1457 Ostrogothus,
1039 1358 1106 1452 qui
1132 1382 1152 1427 a
1179 1359 1375 1438 Jomande
1410 1358 1616 1444 dicuntur,
1656 1360 1702 1430 ab
1741 1362 1900 1433 Hunnis
1927 1359 2143 1437 incolum'e's

384 1478 476 1557 post
502 1475 652 1557 tergunt
678 1458 832 1530 relictos
859 1484 951 1542 esse,
981 1458 1066 1555 quis
1093 1458 1304 1531 verisimile
1331 1484 1411 1531 esse
1438 1458 1581 1533 ducat?
1632 1464 1721 1534 Huc
1746 1463 1909 1550 accedit,
1939 1464 2043 1560 quod
2062 1465 2146 1559 ipse

384 1560 595 1645 Jornandes
623 1561 759 1645 tradit,
787 1586 818 1633 c.
846 1578 907 1653 43.
937 1561 1291 1647 Hunnimundum,
1319 1562 1582 1634 Hermanarici
1608 1558 1754 1649 filium,
1782 1564 1851 1659 qui
1877 1568 2069 1639 secundus
2096 1564 2143 1659 ab
2215 1625 2219 1633 .

310 1657 313 1665 ’
384 1662 459 1736 hoc
485 1663 586 1735 inter
614 1662 869 1759 Ostrogothus
896 1662 1135 1761 regnaverit,
1171 1672 1305 1735 contra
1333 1669 1498 1751 Suevos,
1537 1664 1743 1736 Dalmatiis
1784 1664 1935 1737 vicinos
1969 1672 2144 1761 nequae

383 1764 584 1838 Pannonia
611 1764 780 1835 multum
808 1762 993 1837 distantes
1020 1764 1155 1855 (Jorn.
1183 1789 1216 1837 o.
1244 1764 1334 1855 55.)
1361 1763 1525 1837 feliciter
1552 1762 1764 1838 dimicasse„
1819 1766 2023 1863 Quomodo
2050 1767 2143 1839 haec

385 1890 473 1967 cum
500 1862 652 1939 sedibus
681 1866 1006 1963 Ostrogothorum
1032 1870 1157 1938 Ponto
1185 1866 1328 1938 vicinis
1356 1862 1625 1957 conveniunt?
1653 1858 1706 1957 ²⁵)
1764 1940 1778 1950 ,
2071 1941 2077 1949 ,
2123 1882 2129 1892 ’

487 1966 665 2039 Vidimus
694 1990 803 2064 ergo,
831 1965 1038 2047 Jornandis
1065 1969 1326 2041 narrationem
1361 1966 1406 2040 de
1433 1966 1757 2067 Ostrogothorum
1786 1976 1824 2038 et
1848 1966 2141 2065 visigothorum
2220 2044 2224 2049 ,

387 2068 539 2167 origine
566 2085 603 2139 et
630 2070 929 2165 migrationibus
964 2092 1091 2168 neque
1125 2094 1192 2163 per
1230 2093 1270 2142 se
1308 2086 1406 2142 stare
1442 2095 1567 2167 neque
1605 2094 1694 2141 cum
1719 2068 1883 2142 aliorum
1910 2071 2142 2163 scriptorum

386 2170 625 2243 testimoniis
653 2168 850 2243 conciliari
878 2194 1000 2265 posse.
1053 2164 1185 2268 Itaque
1211 2188 1294 2243 tota
1323 2170 1404 2264 ejus
1430 2173 1598 2243 narratio
1619 2171 1669 2243 ad
1693 2195 1774 2245 rem
1801 2172 2041 2265 propositam
2067 2170 2142 2243 dis»

387 2268 616 2343 cernendam
642 2270 788 2343 nullius
816 2286 872 2359 est
898 2274 1100 2345 momenti.
1172 2274 1409 2347 Nominibus
1446 2272 1664 2371 indigebat,
1699 2272 1801 2344 hanc
1834 2270 1885 2344 ob
1914 2296 2066 2364 causam
2092 2269 2142 2353 iis

387 2372 531 2457 utitur,
572 2397 669 2469 quae
707 2372 831 2466 ipsius
859 2391 1030 2468 tempore
1065 2376 1205 2451 usitata
1238 2372 1368 2465 fuere,
1405 2381 1607 2473 rerumque
1633 2375 1894 2471 statum,.qui
1920 2391 2016 2446 tunc
2053 2363 2142 2460 fuit',

387 2472 433 2546 ad
459 2474 624 2571 pristina
651 2472 782 2547 retulit
808 2493 993 2571 tempora.
1456 2484 1459 2489 ’

1826 1871 1832 1883 Ι

1832 1919 1838 1929 ι

1209 2583 1244 2748 sl
1285 2675 1319 2744 a.
1340 2674 1350 2696 ··

940 2784 1262 2883 De'Ablaoii
1296 2808 1594 2883 testimonio.

487 2980 520 3053 Α
546 2980 741 3062 Jornande
763 2976 787 3067 ·(
797 3002 828 3051 o.
861 2976 946 3068 14.)
975 2975 1159 3048 Ablavius
1187 2973 1342 3072 quidam
1369 2976 1477 3050 testis
1504 2970 1677 3063 affertur,
1705 2974 1768 3049 cui
1794 2973 1956 3048 nomina
1982 2976 2049 3049 illa
2078 2996 2139 3048 co-

388 3084 497 3189 gnita
526 3080 707 3156 videntur
734 3080 864 3152 fuisse.
918 3078 969 3148 At
995 3076 1110 3168 hujus
1138 3079 1363 3151 testimonio
1391 3080 1448 3149 uti
1475 3080 1588 3150 nullo
1615 3073 1732 3151 modo
1759 3079 1860 3151 licet.
1913 3084 2012 3150 Nam
2046 3160 2050 3165 ,
2131 3165 2136 3174 Ι

494 3210 526 3256 ι.
556 3182 711 3253 Ablavii
738 3180 935 3274 scriptoris
962 3204 1107 3252 nomen
1136 3204 1327 3274 nusquam
1356 3181 1448 3252 alibi
1474 3182 1635 3278 legitur,
1675 3181 1728 3252 ita
1754 3199 1799 3253 ut
1824 3205 1947 3275 neque
1974 3178 2020 3251 de
2045 3187 2139 3251 temss

387 3310 503 3385 pore,
540 3308 619 3380 quo
655 3282 775 3365 vixit,
811 3306 936 3377 neque
971 3282 1017 3353 de
1051 3282 1172 3377 patria
1207 3281 1289 3373 ejus
1326 3284 1538 3379 quidquam
1573 3299 1722 3355 constet
1734 3309 1746 3367 ς
1784 3307 1859 3376 qua
1895 3306 1942 3351 ex
1978 3306 2018 3351 re
2052 3273 2141 3351 eum

387 3386 490 3461 haud
518 3386 651 3481 magni
677 3382 797 3455 fuisse
824 3386 1014 3455 momenti
1041 3387 1224 3480 sequitur.
1278 3386 1526 3466 EJornande
1553 3386 1604 3472 (c.
1633 3386 1715 3471 25.)
1750 3407 1841 3452 eum
1873 3387 2012 3454 Graeco
2053 3382 2141 3454 scri·

299 3494 306 3509 '
388 3490 511 3589 psisse
538 3512 713 3559 sermone
741 3486 873 3583 colligi
898 3486 1000 3558 licet.
1064 3487 1278 3567 Jornandes
1306 3488 1462 3583 quidem
1498 3509 1588 3555 eum
1614 3484 1841 3579 scriptorem
1868 3484 2051 3557 historiae
2076 3508 2141 3555 ve-

390 3592 590 3665 rissimum
617 3589 811 3670 nominat,
842 3606 880 3657 at
905 3591 979 3662 hoc
1005 3588 1219 3663 versissimi
1246 3589 1443 3684 scriptoris
1472 3611 1617 3658 nomen
1645 3586 1749 3683 apud
1773 3584 2012 3667 Jornandem
2039 3575 2141 3659 nihii

390 3693 495 3771 aliud
523 3690 675 3764 videtur
703 3687 934 3789 significare,
965 3716 1077 3787 quam
1105 3692 1176 3787 qui,
1202 3693 1376 3786 proxime
1398 3689 1444 3759 ad
1471 3688 1593 3783 ipsius
1622 3690 1819 3763 accesserit
1846 3688 2087 3762 sententiam.
2160 3697 2165 3705 ⁴

494 3802 529 3869 η’.
558 3800 685 3867 Locus
717 3794 798 3891 ipse
829 3794 1035 3891 admodum
1064 3790 1248 3867 obscurus
1287 3809 1430 3878 estet,
1470 3815 1566 3891 quae
1603 3790 1759 3866 Ablavii
1785 3788 1905 3878 fuerit
1935 3781 2138 3886 sententia,

389 3980 596 4001 ..ι-ιι-

479 4116 535 4193 25)
560 4118 728 4201 Quatenus
753 4119 818 4191 illa,
839 4139 920 4201 quoe
934 4113 1112 4185 Jornandes
1125 4132 1153 4176 c:
1171 4114 1224 4189 tss.
1310 4132 1418 4179 tamen
1440 4139 1554 4201 magna
1574 4138 1625 4178 me
1641 4107 1728 4177 subit
1751 4113 1918 4197 suspicio,
1942 4109 2138 4188 Jornandem

391 4204 431 4265 de
456 4201 729 4287 Ostrogothorum
753 4204 847 4263 rebus
871 4202 1224 4287 postHermanaricum
1311 4204 1389 4263 falsa
1406 4203 1445 4264 de
1458 4200 1733 4287 Ostrogothorum
1755 4200 1882 4284 origiue
1898 4197 2061 4259 sententia
2080 4196 2137 4257 du·

343 4344 344 4347 ,
390 4290 491 4375 gestia
515 4286 634 4361 tradit,
658 4310 729 4347 cum
746 4288 885 4350 veritate
906 4288 1123 4360 conveniant,
1149 4288 1223 4349 eliis
1278 4299 1521 4371 ·ctum,‘.quae
1544 4290 1705 4349 variorum
1740 4291 1850 4346 essent
1871 4285 2067 4367 populorum
2104 4296 2138 4342 et

390 4374 529 4463 testibus
553 4369 779 4436 deficientibus
808 4373 874 4437 dici
911 4396 977 4439 nou
1001 4388 1122 4455 potest,
1143 4414 1146 4421 ·
1167 4373 1225 4434 Ae·
1306 4376 1532 4442 iocorum‚·in
1556 4394 1657 4444 unum
1679 4372 1898 4454 conjunxisse.
