4800 5567
987 130 1366 277 ‘'45-

307 408 349 484 id
375 423 452 497 est,
478 404 680 495 initalia,
717 404 838 479 Gallia
864 421 902 481 et
927 400 1115 502 Hispania
1151 400 1410 479 versabantur.
1470 400 1576 477 Ante
1609 426 1743 479 omues
1776 420 1905 482 autem
1930 406 1962 481 ii
1987 415 2063 487 Go·
2125 404 2136 415 ’

307 513 464 583 thorum
490 512 565 583 hoc
590 508 749 583 nomine
775 506 1098 607 designabantur,
1126 506 1195 602 qui
1220 504 1374 579 Alarico
1400 520 1439 577 et
1462 502 1619 579 Ataulfo
1646 503 1827 594 ducibus,
1854 529 2061 609 postquam

203 666 208 675 .
309 612 504 685 Graeciam
539 629 578 686 et
612 610 763 707 Italiam
801 609 1070 707 populabundi
1105 624 1390 704 peragrassent,
1424 607 1469 680 in
1504 608 1627 681 Gallia
1659 628 1701 704 et
1733 610 1921 705 Hispania
1956 616 2063 687 sedes

306 712 483 787 fixerunt.
565 712 786 813 visigothos
821 724 963 785 autem
982 737 1023 785 re
1056 734 1144 785 vera
1172 732 1192 781 a
1219 709 1329 783 terris
1364 710 1533 782 Romani
1566 710 1720 805 imperii
1758 712 2060 791 occidentalibus

302 834 456 889 nomeu
477 814 657 901 traxisse,
684 814 776 887 inde
800 810 1164 911 probatur,.qnod,
1191 829 1401 907 antequam
1424 811 1466 883 bi
1501 811 1618 885 Gothi
1650 815 1693 886 in
1730 814 1891 888 Galliam
1925 841 2059 913 perve-

303 918 454 991 nissent
488 917 621 1013 ibique
658 916 901 1013 aliquantum
936 915 1119 1013 temporis
1156 911 1411 999 habitassent,
1457 913 1747 1011 visigothorum
1781 940 1928 1010 nomen
1972 944 2057 993 non

302 1020 476 1103 auditur,
513 1041 746 1114 quamquam
781 1020 995 1114 complures
1030 1011 1277 1111 scriptorum,
1320 1014 1389 1111 qui
1420 1015 1490 1089 illc
1529 1016 1617 1109 ipso
1654 1018 1837 1093 vixerunt
1870 1036 2056 1117 tempore,

294 1118 415 1211 hujus
441 1120 684 1218 migrationis
710 1117 927 1194 uberiorem
960 1119 1135 1192 fecerunt
1167 1116 1421 1205 mentionem.
1501 1111 1763 1191 Certissimurn
1800 1138 1927 1193 autem
1953 1123 2056 1195 indi·

301 1222 428 1309 cium,
455 1222 680 1320 visigothos
708 1245 729 1295 a
755 1221 866 1305 terris
894 1219 1194 1297 occidentalibus
1222 1219 1375 1313 imperii
1402 1220 1571 1291 Romani
1596 1244 1676 1293 esse
1702 1224 1937 1315 appellatos,
1966 1224 2055 1299 inde

296 1324 467 1419 petitur,
496 1324 600 1419 quod
626 1321 728 1418 apud
754 1322 978 1419 scriptores,
1006 1323 1076 1422 qui
1101 1320 1301 1393 inter-hos
1329 1322 1475 1421 Gothos
1500 1323 1650 1407 vixere,
1689 1324 1791 1418 apud
1819 1326 2053 1412 Saluianum,

259 1490 263 1499 .
297 1425 493 1499 Isidorum
518 1424 808 1519 Hispalensem,
845 1423 1074 1497 hodericum
1101 1424 1334 1495 Toletanum
1369 1422 1541 1521 aliosque
1580 1422 1872 1521 visigothorum
1906 1452 2052 1501 nomen

296 1525 465 1599 omnino
491 1549 575 1597 non
601 1543 659 1598 est
683 1526 880 1601 usitatum.
934 1526 1052 1599 Gothi
1078 1525 1200 1611 enirn,
1229 1526 1297 1621 qui
1324 1524 1486 1597 Galliam
1512 1524 1816 1623 Hispaniamque
1843 1545 2008 1613 tenuere,
2029 1556 2050 1601 a

292 1628 431 1723 Gothis
456 1630 500 1703 in
527 1628 682 1700 Oriente
707 1629 948 1703 versantibus
976 1624 1171 1725 Visigothi
1206 1651 1275 1699 seu
1300 1626 1418 1698 Gothi
1444 1626 1696 1699 occidentales
1729 1628 2048 1718 nominabantur,

295 1746 343 1801 ut
367 1747 495 1801 autem
511 1729 707 1828 Visigothi
727 1728 803 1825 ipsi
819 1731 981 1803 nomine
998 1746 1207 1815 uterentur,
1226 1730 1390 1801 omnino
1407 1729 1516 1800 nulla
1534 1726 1612 1800 fuit
1630 1752 1752 1801 causa.
1781 1736 1834 1802 Ut
1849 1730 1927 1825 ipsi
1940 1756 1960 1804 a
1975 1737 2051 1805 Go·
2072 1789 2075 1800 .

296 1831 375 1904 this
403 1830 651 1905 orientalibus
670 1830 1009 1931 distinguerentur,
1032 1830 1357 1929 ostrogothorum
1373 1827 1584 1903 sufficiebat
1596 1854 1762 1917 nomen,
1782 1833 1887 1928 qu'od
1905 1860 1944 1907 re
1960 1860 2050 1908 vera

292 1931 396 2029 apud
415 1931 573 2007 illorum
592 1930 797 2029 scriptores
824 1933 1000 2007 occurrit.
1029 1930 1078 2005 cf.
1106 1932 1299 2011 Isidorus.
1322 1932 1391 2028 qui
1413 1930 1628 2005 Odoacrum
1647 1933 1970 2045 ostrogothorum
1992 1934 2050 2007 di·

291 2036 350 2108 cit
366 2056 495 2133 regern
512 2051 550 2105 et
562 2032 777 2107 Rodericus
797 2037 923 2106 Tolet.
941 2036 970 2120 1,
991 2054 1025 2121 3.
1047 2036 1148 2119 11,1.
1175 2032 1319 2105 Eadem
1339 2057 1410 2117 res,
1429 2034 1535 2129 quod
1555 2033 1603 2106 ad
1624 2035 1878 2133 Ostrogothos
1897 2037 2048 2123 attinet,

203 2184 214 2195 -«
292 2137 479 2233 cognosci
494 2135 596 2207 lieet.
623 2135 737 2230 Apud
757 2136 925 2220 Gedros,
958 2134 1025 2231 qui
1042 2134 1085 2208 in
1105 2134 1276 2209 Orientis
1293 2134 1456 2230 imperio
1485 2133 1711 2207 habitabant
1738 2153 1777 2209 et
1800 2159 1825 2209 a
1841 2138 1976 2213 Gothis
2003 2139 2047 2225 in

292 2236 417 2311 Gallia
435 2251 474 2307 et
491 2236 679 2331 Hispania
706 2236 932 2336 Ostrogothi
957 2236 1279 2327 nominabantur,
1307 2238 1631 2334 ostrogothorum
1647 2261 1793 2311 nomen
1813 2242 1973 2313 eandem
1995 2238 2047 2313 ob

292 2361 447 2412 causam
465 2336 630 2411 minime
655 2336 810 2413 videtur
832 2338 1020 2412 usitatum
1042 2335 1174 2411 fuisse.
1213 2344 1347 2434 Neque
1363 2338 1550 2411 Romanis
1567 2336 1648 2409 fuit
1673 2364 1803 2427 causa,
1840 2364 1914 2437 qua
1941 2343 2049 2415 ducti
2172 2390 2176 2395 -

290 2438 441 2513 Gothos
467 2437 570 2533 apud
595 2439 701 2535 ipsos
722 2458 921 2515 ¹uersantes
950 2440 1205 2539 ostrogothos
1231 2440 1422 2526 dicerent,
1457 2449 1584 2536 neque
1621 2441 1738 2513 Gothi
1763 2443 1923 2538 proprio
1951 2469 2048 2540 quo·

289 2542 380 2615 darn
405 2541 585 2626 nonrine,
613 2558 658 2613 ut
675 2562 696 2612 a
714 2541 926 2639 Visigothis
946 2540 1297 2640 distinguerentur,
1314 2540 1579 2639 indiguerunt.
1602 2548 1739 2638 ltaque
1756 2544 1859 2616 nulli
1883 2546 2046 2639 scripto·
2162 2604 2171 2611 .

229 2662 236 2671 ’
284 2668 376 2716 rum
396 2643 642 2715 orientalium
661 2641 986 2739 Ostrogothorum
1006 2662 1152 2721 nomen
1174 2642 1371 2723 innotuit,
1397 2663 1523 2731 nequae
1538 2643 1616 2731 ipsi
1636 2644 1863 2738 Ostrogotlai
1876 2646 1953 2716 boc
1971 2670 2043 2717 no·

246 2778 248 2783 ·
285 2745 394 2816 mina
427 2765 598 2838 unquam
632 2738 814 2813 ridentur
847 2742 908 2813 usi
935 2762 1025 2813 esse.
1054 2736 1102 2811 cf.
1129 2736 1313 2831 Procopii
1338 2752 1378 2808 et
1403 2736 1621 2811 cassiodori
1645 2740 1800 2837 scripta.

276 2886 278 2891 ,
392 2844 470 2940 Qui
488 2860 617 2917 autem
635 2840 781 2939 singuli
797 2843 936 2937 populi
960 2842 1007 2914 ad
1025 2838 1250 2939 visigothos
1269 2837 1543 2935 pertinuerint,
1562 2858 1608 2911 ut
1627 2838 1706 2931 jam
1724 2864 1839 2937 supra
1857 2841 2043 2934 vidimus,

286 2943 364 3019 dici
389 2970 471 3018 non
498 2960 643 3039 potest,
672 2966 761 3015 cum
786 2944 919 3017 nullus
946 2942 1201 3038 populorum,
1237 2939 1307 3037 qui
1340 2941 1569 3014 Danubium
1594 2940 1837 3033 trajecerant,
1874 2948 2041 3042 priscam
2074 3024 2077 3028 ,

283 3046 489 3120 retinuerit
522 3042 783 3138 integritatem
809 3058 847 3113 et
871 3042 1035 3115 nomina
1062 3066 1194 3115 eorum
1220 3044 1351 3137 paullo
1386 3060 1477 3140 post
1509 3042 1665 3140 penitus
1697 3044 1928 3120 interierint.
1980 3056 2042 3123 Ne

278 3150 334 3219 de
359 3144 511 3218 Alarico
539 3142 719 3240 quidem,
746 3162 824 3237 quo
851 3167 899 3215 ex
923 3143 1070 3239 populo
1098 3160 1206 3216 ortus
1239 3143 1312 3229 sit,
1348 3161 1511 3220 constat.
1573 3147 1845 3222 EClaudiano
1883 3173 2040 3249 quoque

284 3252 378 3339 (IV.
415 3252 528 3320 Cous.
564 3250 716 3317 Honor.
755 3245 876 3334 105):
955 3244 1186 3333 „Alaricum
1221 3244 1376 3320 barbara
1409 3252 1533 3320 Peuce
1568 3249 1758 3321 nutrierat
1771 3255 1795 3335 ξ·
1833 3249 1904 3325 vix
1928 3253 2041 3350 quid·

278 3367 400 3449 quarn
435 3346 529 3422 certi
562 3344 654 3419 licet
691 3342 837 3444 colligi.
896 3350 998 3419 Eum
1025 3370 1046 3417 e
1072 3356 1274 3443 generosta
1308 3364 1349 3417 et
1381 3348 1507 3419 nobili
1541 3348 1661 3446 stirpe
1686 3348 1788 3425 fuiss
1812 3368 1971 3440 natum,
1999 3372 2039 3428 et

282 3453 336 3524 ob
361 3450 648 3533 auctoritatem,
685 3471 758 3545 qua
785 3448 889 3519 inter
911 3448 1113 3545 populares
1140 3446 1288 3543 polluit
1320 3464 1359 3519 et
1384 3448 1433 3521 ob
1469 3450 1657 3537 honores,
1692 3458 1790 3549 quos
1817 3477 1837 3527 a
1864 3454 2049 3530 Theodo-v

277 3555 345 3637 sio
385 3552 554 3645 accepit,
602 3548 809 3622 admodum
851 3566 908 3622 est
944 3548 1172 3635 verisimile,
1226 3573 1324 3645 quae
1356 3547 1513 3647 quidem
1555 3554 1707 3650 generis
1746 3556 1931 3650 nobilitas
1976 3557 2037 3653 ip·

158 3692 163 3704 κ
283 3656 364 3727 sius
389 3652 593 3750 prudentia
620 3668 657 3723 et
682 3648 913 3724 fortitudine
939 3652 1105 3723 maxime
1141 3649 1362 3748 augebatur.
1439 3652 1500 3723 Ad
1535 3651 1617 3743 ejus
1652 3655 1861 3728 exercitum
1886 3677 2037 3753 praeter

278 3756 390 3836 illos.
427 3776 592 3850 quorum
625 3750 892 3847 impericiam
929 3771 1040 3827 antea
1073 3751 1375 3851 fungebatur,e
1420 3753 1582 3827 diversis
1616 3758 1882 3837 Romanorum
1920 3758 2034 3835 terris

280 3856 400 3931 Gothi
426 3856 607 3929 videntur
634 3852 843 3931 accessisse.
897 3856 1079 3929 Zosimus
1107 3860 1187 3946 (V,
1218 3854 1291 3949 37)
1325 3852 1527 3928 Ataulfum
1560 3856 1776 3929 Gothorum
1801 3877 1840 3939 et
1865 3865 2034 3935 Hunno·

279 3982 366 4033 rum
401 3958 529 4055 copias
557 3980 577 4029 e
603 3954 822 4051 Pannonia'
840 3956 884 4043 in
921 3958 1063 4030 Alarici
1080 3956 1286 4051 nardium
1314 3956 1525 4031 adduxisse
1551 3956 1704 4056 alioque
1729 3960 1817 4034 loco
1842 3960 1925 4053 (V,
1955 3964 2034 4057 35)

272 4084 400 4158 ,usque
426 4058 473 4133 ad
499 4060 655 4159 triginta
682 4058 806 4131 millia
843 4056 1113 4147 barbarorum,
1150 4058 1219 4157 qui
1253 4077 1362 4133 antea
1395 4058 1582 4135 Romanis
1618 4060 1661 4134 in
1695 4063 1805 4135 Italia
1838 4060 2030 4158 stipendia

278 4158 466 4247 fecerant,
494 4160 540 4234 ad
564 4160 757 4236 Alaricum
785 4160 969 4234 transisse
993 4162 1122 4235 tradit.
1188 4163 1402 4243 Jornandes
1438 4163 1523 4259 ipse
1555 4187 1741 4261 maguum
1777 4167 1890 4237 Ostro
1918 4164 2030 4241 otho·

280 4285 369 4336 rum
393 4286 600 4341 numerum
624 4260 841 4341 Widemiro
867 4262 961 4339 duee
988 4262 1036 4339 ad
1061 4262 1283 4365 visigothos
1317 4263 1501 4367 migrasse
1526 4282 1666 4341 nouat.
1694 4268 1714 4361 (
1726 4265 1776 4343 cf.
1802 4290 1835 4343 c·
1863 4188 1950 4362 aih
