4800 5567
1026 196 1439 279 ,e-dd-

389 404 436 505 (c.
466 405 546 497 52.)
574 400 880 491 Theodericum,
907 400 1228 495 Triariiiiliurn,
1246 394 1300 497 ²⁴)
1335 412 1630 500 commemorat,
1669 410 1745 487 alia
1767 410 2142 511 atii-pomonam.
2175 440 2182 459 =

386 512 538 593 lorum,
565 524 817 604 procreatum,
846 504 953 598 cujus
979 532 1038 579 res
1065 506 1273 580 admodum
1299 508 1492 585 florerent.
1544 520 1606 593 Ex
1621 514 1707 589 aliis
1728 533 1862 589 autem
1889 518 2145 612 scriptoribus

389 610 590 709 cognitum
615 610 819 693 habemus,
859 610 963 681 hunc
998 607 1283 683 Theodericum
1318 614 1479 685 maximi
1505 618 1722 711 Gothorum
1749 617 1901 712 numeri
1919 616 2049 692 :fuisse
2076 618 2148 691 du·

389 736 493 799 cem,
520 710 641 808 eoque
666 710 759 785 vivo
787 710 1018 786 Theoderici
1044 711 1170 782 Anrali
1196 736 1254 785 res
1280 738 1362 786 non
1391 714 1599 789 admodum
1634 703 1820 795 floruisse.
1887 706 2151 794 Conseruntur

388 814 602 913 fragmenta
629 814 696 885 illa
722 812 1058 911 Malchicognitu
1076 813 1316 911 dignissima.
1371 817 1507 913 script.
1528 825 1621 913 Byz.
1649 812 1794 894 terrai.
1815 818 1875 893 ed.
1896 827 1992 895 Ven.
2013 826 2152 921 Evagq.

390 916 481 989 hist.
511 918 599 988 ecel.
626 920 705 1000 ΠΙ,
742 938 822 1003 aa·
853 915 1080 1000 Rationem,
1118 939 1213 1012 quae
1249 914 1675 996 interTheodoricum
1709 914 1934 1008 et'Gothos
1969 925 2037 1021 qui
2062 948 2153 1023 aurp

390 1018 657 1116 sequebantur,
684 1012 944 1101 intercederet,
973 1034 1018 1088 ut
1040 1014 1328 1115 cognoscamus,
1355 1019 1458 1091 idem
1487 1024 1666 1096 Malchus
1691 1013 1840 1122 legatur
1868 1026 1980 1119 (Byz.
2006 1026 2151 1099 tomi

385 1144 438 1217 ·p·.-
461 1120 560 1215 po),
588 1143 667 1217 que
693 1120 781 1193 loco
809 1119 1082 1205 Theodericus,
1121 1119 1188 1216 qui
1215 1116 1356 1191 Triarii
1383 1120 1523 1195 dicitur
1549 1122 1686 1209 filius,
1703 1146 1831 1199 ceram
1848 1125 1944 1224 ,ipso
1972 1126 2153 1225 Theodo-

389 1224 474 1295 ‘rico
493 1216 656 1294 'Amale‘
681 1219 837 1318 ejusque
879 1222 1067 1307 exercitu,
1106 1222 1253 1295 Gothos
1288 1216 1573 1311 Theodericum
1619 1220 1812 1300 Amalum'
1837 1223 2022 1324 sequutos
2044 1217 2152 1302 noir

348 1350 354 1408 ς
394 1325 580 1397 deteriore
606 1346 761 1421 genere,
791 1346 904 1422 quam
930 1322 1059 1419 ipsum
1087 1318 1390 1412 Theodericum,
1427 1344 1533 1399 ortos
1570 1353 1650 1404 esse
1684 1317 1810 1407 dicit·
1847 1330 1974 1403 Gotbi
2010 1316 2152 1417 autem,

386 1428 464 1527 ‘qui
503 1425 786 1521 Theodericum
821 1426 1000 1497 Anralum
1034 1422 1310 1520 sequebantur,
1350 1441 1393 1497 ut
1431 1418 1564 1522 pacem
1599 1426 1694 1502 cum
1727 1428 1869 1503 Triarii
1887 1426 1987 1505 ᾏΗΙὶο
2022 1431 2154 1523 iniret,

390 1552 483 1601 eum
511 1534 739 1625 coe'gerunt,
766 1527 827 1601 sin
845 1529 995 1611 minus,
1022 1548 1073 1611 se,
1101 1524 1205 1622 quod
1223 1526 1320 1619 ipsis
1338 1525 1435 1599 utile
1451 1547 1559 1607 esset,
1587 1524 1832 1623 amplexuros
1851 1551 2015 1629 euntque
2032 1527 2155 1606 deser·

395 1644 504 1701 tures
522 1626 674 1701 minati.
714 1626 862 1726 Quibus
883 1654 928 1699 ex
946 1628 1058 1698 rebus
1076 1628 1313 1708 Jornandem
1333 1629 1377 1701 in
1398 1630 1623 1702 Amalorum
1643 1647 1758 1727 gente
1777 1632 1999 1707 celebranda
2019 1636 2155 1720 murita,

397 1755 495 1827 quae
512 1730 694 1803 historiae
711 1756 794 1803 non
814 1728 1088 1827 conuenirent,
1114 1725 1326 1810 addidisse,
1364 1732 1454 1803 satis
1479 1749 1608 1827 patet;
1646 1724 1752 1833 qued
1776 1721 1913 1829 Amatjr
1935 1733 2059 1828 ipsius
2091 1759 2156 1807 cu-

392 1830 543 1926 ]'asdam
571 1831 798 1921 testimonio
825 1828 1024 1925 probatur,
1085 1830 1200 1927 Apud
1227 1844 1342 1929 quem
1361 1832 1469 1904 eninr
1495 1831 1743 1930 potissimum
1764 1830 1914 1933 generis
1935 1833 2027 1905 clari
2053 1822 2158 1907 noti·

397 1938 495 2007 tiam
513 1933 807 2029 exspectaveris,
835 1930 914 2003 nisi
937 1932 1038 2029 apud
1056 1950 1170 2019 eum,
1207 1933 1276 2032 qui
1294 1932 1377 2029 ipse
1403 1934 1494 2005 inde
1514 1936 1713 2035 originem
1739 1913 1880 2007 desit?
1912 1928 1975 2007 'si
2002 1958 2042 2004 re
2067 1918 2159 2005 vera

401 2061 443 2109 ea
465 2052 543 2108 erat
572 2036 794 2105 Amalorum
822 2034 1030 2130 antiquitas
1061 2030 1245 2120 etfama,
1274 2059 1389 2130 quam
1417 2032 1536 2107 fuisse
1561 2032 1776 2120 Jornandes
1803 2034 1919 2108 nobis
1938 2024 2159 2131 persuaderi

399 2138 506 2223 vult,
535 2135 619 2207 sine
646 2135 764 2207 dubio
791 2134 904 2226 hujus
931 2136 1058 2235 gentis
1080 2137 1209 2213 laudes
1230 2136 1445 2225 Gothorum
1472 2134 1708 2209 carminibus
1728 2152 1766 2234 et
1784 2136 2036 2211 ,sermonibus
2062 2135 2159 2207 cele-

274 2300 287 2329 ,
401 2238 621 2312 brabantur.
675 2239 726 2307 Ar
745 2236 1312 2335 epistolaAthalarici'quadam
1331 2238 1377 2309 de
1402 2237 1621 2309 Cassiodori
1640 2236 1866 2311 meritisne
1886 2255 2064 2312 senatum
2083 2238 2163 2309 Re·

400 2364 561 2413 manum
579 2339 718 2434 scripta
736 2338 923 2429 (Cassiod.
944 2344 1029 2413 Var.
1046 2344 1157 2425 VIII,
1188 2342 1269 2427 25.)
1298 2339 1502 2425 docemur,
1529 2362 1635 2436 reges
1663 2341 1878 2412 Gothorum
1911 2338 2032 2437 longa
2061 2334 2163 2411 obli·

400 2442 520 2515 viene
547 2442 687 2513 celatos
716 2440 879 2513 latibulo
907 2441 1107 2515 vetustatis
1128 2438 1286 2513 eductos
1307 2464 1388 2512 esse
1407 2456 1445 2512 et
1466 2466 1533 2533 per
1562 2440 1726 2512 eundem
1748 2437 2020 2512 Cassiodorum
2047 2440 2163 2513 Ams-

403 2544 464 2615 los
493 2566 582 2613 cum
609 2542 756 2641 generis
783 2545 844 2615 sui
871 2542 1038 2639 claritate
1064 2544 1262 2616 restitutos
1289 2566 1380 2614 esse.
1432 2546 1576 2613 Nonne
1592 2540 1685 2618 inde
1709 2566 1856 2629 eorum,
1884 2565 1984 2637 quae
2011 2540 2162 2615 Cassio·

404 2644 521 2717 dorus
548 2643 595 2714 de
620 2645 846 2715 Amalorum
881 2642 1043 2711 historia
1079 2642 1321 2719 contulerat,
1347 2640 1565 2711 Athalarico
1602 2640 1703 2707 nihil
1729 2642 1933 2738 cognitum
1958 2638 2079 2713 fuisse
2105 2664 2165 2714 se-

405 2744 569 2845 quitur?
620 2744 705 2816 Etsi
730 2740 934 2838 epistelam
961 2735 1068 2809 illam
1086 2760 1105 2807 a
1124 2734 1351 2808 cassiodoro
1380 2734 1464 2831 ipso
1492 2736 1673 2833 scriptam
1698 2762 1778 2812 esse
1800 2730 2036 2841 conceditur,
2064 2764 2164 2839 quae

405 2864 537 2923 contra
564 2844 799 2926 Jornandem
826 2855 1020 2939 pugnant,
1047 2859 1131 2909 non
1158 2854 1417 2909 removentur.
1892 2880 1896 2889 ·
1945 2931 1949 2941 Ι

415 3006 421 3013 .
451 2934 456 2947 '
508 2948 657 3045 Quibus
685 2971 705 3017 e
732 2944 854 3017 causis
881 2942 973 3013 satis
999 2940 1141 3034 liquet,
1168 2938 1403 3036 jornandem
1428 2962 1511 3010 non
1539 2964 1628 3011 eum
1654 2964 1734 3015 esse
1759 2940 2010 3039 scriptorem,
2047 2938 2159 3032 cujus

405 3050 651 3133 testimonio,
690 3044 889 3144 praecipue
924 3042 971 3132 ed
1006 3040 1222 3141 Gothorum
1255 3039 1542 3137 antiquitatem.
1562 3059 1775 3137 spectante,
1815 3061 1956 3115 certam
1991 3042 2162 3141 aliquam

406 3152 636 3229 sententiam
655 3146 868 3242 superstrui
885 3144 1008 3217 liceat.
1036 3144 1086 3238 ht
1102 3138 1216 3213 'dicet
1241 3141 1454 3240 quispiam,
1483 3159 1525 3213 tu
1551 3142 1634 3238 ipse
1661 3141 1743 3235 ejus
1764 3142 1990 3219 testimonio
2006 3144 2161 3239 saepius

406 3279 499 3327 usus
526 3276 586 3337 es,
614 3247 811 3345 quomodo
837 3246 910 3317 hoc
937 3269 1021 3317 cum
1051 3240 1241 3317 sententia
1261 3244 1416 3317 medea
1437 3260 1474 3316 te
1493 3246 1643 3341 prolata
1666 3243 1877 3331 convenit?
1915 3245 2021 3319 Huic
2038 3268 2164 3319 unum

409 3354 484 3427 hoc
519 3349 860 3448 respondebimus,
895 3348 959 3450 ¹ael
984 3338 1134 3443 optimo
1162 3362 1199 3418 e‘t
1225 3345 1496 3441 probatissimo
1534 3344 1713 3442 scriptori
1749 3347 1901 3419 evenire
1934 3348 2078 3433 solere,
2117 3363 2166 3419 ut

406 3479 491 3531 non
527 3456 569 3527 in
598 3454 731 3549 quavis
756 3476 796 3522 re
823 3446 913 3522 fides
940 3449 1090 3548 integra
1109 3446 1144 3519 ei
1163 3448 1366 3532 habeatem
1395 3470 1628 3543 quamquam
1654 3444 1746 3518 inde
1770 3470 1901 3519 aarum
1925 3446 2163 3537 rerumfides,
2203 3468 2215 3482 ⁸

408 3582 503 3655 quaa
522 3558 687 3628 aliorum
713 3548 1269 3649 testimonie-comprobantur
1294 3567 1333 3623 et
1365 3574 1493 3622 rerum
1518 3547 1635 3643 statui
1670 3548 1931 3650 conveniunt,
1966 3546 2070 3625 haud
2102 3550 2165 3623 in·

412 3660 611 3759 fringitur.
759 3662 762 3671 '
949 3667 953 3675 '

415 3882 621 3905 -ι--ι-

419 4009 423 4020 '
498 4016 555 4097 aq)
578 4017 645 4081 Hic
667 3997 907 4091 Theodericus,
931 4012 1053 4077 Triarii
1072 4010 1170 4089 filius,
1194 4034 1250 4077 ee·
1332 4010 1523 4077 laberrimus
1554 4008 1613 4073 ille
1636 4005 1675 4073 'et
1703 4010 1955 4096 potentissimus
1978 4008 2165 4075 Gothorum

412 4104 570 4193 gnomine
603 4102 740 4177 Strabo,
770 4098 857 4183 apud
888 4100 1063 4185 scriptores
1093 4098 1249 4183 Byzanti·
1333 4113 1368 4161 et
1388 4098 1609 4159 Romanorum
1629 4094 1721 4171 ¹(lust,
1745 4096 1805 4181 qui
1825 4096 1943 4159 Leone
1965 4094 2166 4181 Imperatore

412 4212 473 4253 nos
497 4186 723 4249 celeberrimus
754 4200 812 4249 est.
877 4184 932 4247 De
962 4184 1090 4269 origine
1123 4188 1192 4265 ejus
1215 4197 1250 4249 et
1332 4183 1483 4243 mammis
1505 4180 1704 4269 fungebatur
1727 4178 1928 4257 honoribus,
1965 4178 2171 4243 Theoderici

413 4276 470 4359 qui
493 4274 594 4335 fuerit
615 4286 708 4357 poter
730 4276 800 4355 ejus
818 4268 903 4333 nibil
925 4283 1064 4332 constat.
1108 4268 1250 4332 Videtur
1331 4264 1429 4351 hujus
1451 4288 1596 4330 sororem
1619 4268 1654 4328 in
1687 4265 1933 4329 matrimonium
1955 4262 2101 4331 imunt
2124 4266 2171 4330 ci.

412 4360 561 4423 autem'e
584 4372 683 4445 gente
704 4372 799 4419 natus
822 4376 912 4431 esse,
964 4374 1025 4417 uae
1047 4354 1170 4416 Amalis
1191 4374 1248 4417 ne·
1332 4350 1552 4437 Theophanes
1568 4356 1607 4435 'p.
1632 4366 1707 4415 too.

413 4466 477 4531 quo
499 4444 650 4530 petentia
670 4462 777 4529 aeque
798 4442 883 4505 mma
905 4376 1044 4505 cederet.
1066 4440 1181 4525 ,Aspar
1195 4458 1248 4504 ce·
