4800 5567
1097 232 1434 315 ...0-

393 452 456 563 (c.
485 450 590 564 15),
633 414 778 528 afferri
818 439 952 524 liceat
962 426 988 543 ‚s
1017 465 1107 553 quo
1150 436 1371 543 Totilam,
1424 439 1678 529 Gothorum
1717 474 1868 559 regem
1888 392 2011 535 'cnm
2056 452 2149 541 Ro.

392 623 533 705 manis
587 614 795 719 subjectis
848 610 1068 695 habitasse
1112 615 1239 722 quasi
1280 630 1454 727 patrem
1496 642 1599 733 cum
1646 612 1751 702 filiis
1801 616 2007 705 traditur.
2100 624 2150 710 Si

379 756 641 937 ‚quandow
598 814 622 869 a
643 784 776 909 solita
802 776 1142 865 mansuetudine
1165 779 1308 866 Gothi
1324 780 1592 889 recederent,
1623 786 1696 870 vel
1715 792 1981 875 necessitate
2003 801 2148 879 coacti

304 958 328 971 ’“
391 939 480 1044 ileil·
478 918 706 1042 sacdrilio'l'
667 923 764 1041 tim
783 948 1109 1035 catholicorum
1126 948 1352 1084 furoribus
1372 952 1566 1038 lacessiti
1584 944 1672 1038 hoc
1680 955 1909 1043 fecerunt
1939 961 2047 1045 Non
2066 970 2148 1049 mi·

390 1125 825 1259 ppppptepwuam
847 1123 1019 1233 egregia
1039 1072 1294 1205 Gothorum
1314 1120 1489 1207 indoles
1510 1140 1557 1208 et
1573 1153 1642 1209 res
1659 1126 1883 1241 praeclare
1902 1128 2012 1213 ab
1979 1160 2035 1215 ns
2054 1162 2147 1243 ges·

245 1284 270 1317 .,
390 1320 476 1401 tae,
502 1297 592 1380 lata
607 1322 762 1377 eorum
783 1320 864 1375 nos
892 1288 949 1375 ad
969 1287 1319 1428 admirationem
1342 1291 1538 1405 trahunt.
1566 1293 1729 1401 Gothi,
1752 1300 1832 1409 qui
1846 1298 1985 1402 ,Italia
2005 1305 2150 1427 potiti.

381 1481 530 1591 {erant
553 1466 698 1579 neque
714 1461 942 1547 laboribus
960 1490 1106 1577 neque
1125 1460 1293 1547 morbis
1311 1482 1358 1545 et
1377 1467 1565 1578 penuria
1581 1462 1713 1548 fracti
1730 1468 1984 1581 perviginti
2003 1498 2142 1557 annos

388 1637 775 1756 praestantissimis
797 1633 1038 1755 Justiniani
1060 1630 1247 1727 ducibus
1265 1650 1311 1717 et
1329 1636 1473 1748 copiis
1495 1635 1560 1718 sic
1579 1608 1853 1747 restiterunt,
1876 1657 1929 1720 nt
1945 1643 2043 1743 jure
2065 1640 2144 1726 du·

268 1796 273 1804 ¹
386 1809 523 1931 bitari
544 1810 701 1923 possit,
726 1806 873 1920 sintne
887 1802 1197 1929 Romanorum
1220 1830 1290 1887 res
1311 1808 1449 1915 magis
1469 1834 1552 1921 per
1572 1772 1766 1890 rictores
1788 1836 1947 1924 aussper
1967 1794 2143 1893 Gothos

379 1930 529 2093 ¹uictos
552 1976 875 2077 comminutae,
908 1989 955 2057 et
973 2000 1181 2089 supremo
1202 1976 1328 2085 regni
1348 1972 1546 2080 Gothici,
1578 1973 1701 2088 quod
1720 1977 1770 2059 iu
1788 1975 1921 2089 Italia
1940 1977 2140 2108 florebat,

387 2143 459 2228 die
490 2148 727 2281 instante,
741 2142 877 2229 Teias
902 2172 991 2227 una
1024 2105 1127 2227 curn
1158 2142 1344 2277 Gothis,
1376 2148 1456 2257 qui
1486 2149 1745 2283 superstites
1776 2166 1926 2251 erant,
1946 2110 2029 2231 ‘sic
2058 2178 2140 2264 pu·

270 2386 273 2393 .
382 2318 563 2425 gnavit,
601 2334 655 2397 ut
685 2315 945 2427 antiquitati
974 2317 1164 2397 maxime
1194 2311 1440 2399 celebratae
1469 2318 1631 2451 rnerito
1662 2317 1723 2401 sit
1752 2314 2019 2444 aequandus.

504 2486 627 2568 Haec
649 2488 791 2595 gentis
815 2482 1034 2568 Gothicae
1053 2480 1305 2589 admiratio,
1336 2489 1578 2591 conjuncta
1599 2514 1702 2571 cum
1700 2481 1972 2637 voluptate,
1993 2514 2141 2601 quam

382 2611 603 2735 continno
636 2682 688 2735 ex
719 2652 932 2755 historiae
955 2650 1107 2775 studio
1118 2643 1480 2757 percipiebam,
1474 2684 1548 2765 rue
1556 2656 1827 2769 commovit,
1857 2671 1912 2735 ut
1933 2652 1989 2788 ad
2007 2681 2138 2791 quae·

383 2823 597 2919 stionem,
630 2811 685 2897 ab
718 2809 992 2925 amplissimo
1033 2768 1411 2924 philosophorum
1452 2812 1612 2912 ordine
1639 2820 1932 2930 propositam,
1963 2818 2139 2907 accede·

334 3002 349 3027 ·'
382 3020 476 3075 rern
505 2981 807 3085 tractandam,
843 3006 1010 3091 quam,
1052 3008 1146 3064 rem
1188 3009 1282 3092 quo
1312 2987 1452 3095 magis
1490 2984 1540 3067 in
1582 2982 1896 3103 scriptoribus,
1939 2989 2017 3098 qui
2048 2989 2138 3072 Go-

380 3162 566 3245 thorum
588 3182 655 3237 res
688 3153 886 3262 attigere,
917 3146 1114 3263 legendis
1145 3148 1449 3265 proficiebam,
1477 3182 1532 3237 eo
1565 3147 1861 3239 difficiliorem
1888 3182 1982 3241 esse
2007 3161 2134 3241 sensi.
2186 3221 2189 3230 ,

382 3330 577 3413 Maxime
609 3326 729 3407 enim
760 3318 1002 3413 dolendum
1033 3340 1122 3425 est,
1166 3340 1212 3405 et
1241 3325 1414 3407 incuria
1451 3342 1497 3409 et
1527 3328 1703 3409 inscitia
1733 3325 2044 3430 Rornanorum
2075 3326 2136 3407 fa·

383 3520 506 3583 ctum
538 3516 652 3599 esse,
684 3511 738 3575 ut
767 3510 860 3575 tam
888 3518 1031 3607 pauca
1059 3490 1115 3576 de
1145 3491 1276 3575 rebus
1310 3491 1566 3576 Gothorum
1608 3493 2133 3615 antiquispiunotuerint,
2206 3490 2211 3497 ’

384 3692 667 3783 quamquam*
692 3692 772 3779 per
815 3662 990 3775 aliquot
1019 3663 1192 3748 saecula
1221 3691 1280 3745 ne
1321 3661 1463 3746 annus
1494 3659 1676 3775 quidem
1705 3667 1990 3777 praeteriret,
2023 3666 2135 3775 quin

381 3868 449 3925 res
481 3838 632 3949 aliqua
660 3834 876 3919 Romanis
908 3862 1011 3917 cum
1042 3830 1203 3918 Gothis
1235 3851 1350 3957 esset
1380 3829 1582 3943 gerenda.
1642 3830 1792 3915 Multa
1824 3852 1975 3917 autem
1996 3857 2135 3941 eaque

384 4013 498 4093 scitu
540 4005 795 4133 dignissima
835 4006 1049 4121 temporis
1092 4006 1207 4087 vitio
1250 4005 1482 4107 interiere,
1533 4005 1652 4086 inter
1691 4029 1806 4113 quae
1845 4018 2021 4117 praeter
2050 3997 2137 4088 alia

381 4180 580 4295 Dexippi
614 4170 845 4287 Scythica,
875 4174 1095 4305 Eunapii,
1125 4172 1265 4260 Prisci
1296 4190 1342 4257 et
1370 4170 1542 4257 Malchi
1572 4174 1760 4289 scripta,
1793 4168 2046 4256 Cassiodori
2078 4137 2133 4253 de

380 4347 510 4433 rebus
543 4345 747 4431 Gothicis
779 4344 882 4429 libri
914 4361 959 4427 et
996 4294 1312 4478 Olyrnpiodori
1342 4343 1465 4479 εγΙιει
1497 4338 1822 4428 desiderantur.
1874 4342 1940 4425 Ea
1971 4359 2134 4443 autern,
2231 4407 2239 4423 ι

2390 3593 2399 3802 ae

2334 3837 2398 4215 l
