4800 5567
1131 258 1605 345 -12-1

351 516 379 549 ,.
497 500 505 509 -
535 488 571 539 a.
606 464 641 535 A
674 462 864 560 Procopio
900 484 1053 558 quoque
1089 460 1203 553 (Bell.
1242 463 1356 537 Goth.
1391 468 1411 533 1
1443 487 1483 563 p.
1522 484 1595 562 139
1633 465 1691 542 ed.
1719 466 1844 571 Grot.)
1870 474 1967 549 Sciri
1999 494 2041 553 et
2072 477 2189 555 Alani

325 678 331 695 Ι
433 582 635 678 conjuncti
661 599 942 663 memorantur,
970 582 1146 669 dicente,
1175 581 1301 655 Sciros
1327 598 1366 654 et
1390 582 1535 657 Alanos
1569 584 1788 685 Augustulo
1823 592 2039 692 imperante
2064 622 2085 671 a
2111 602 2188 673 Ro·

431 704 558 776 manis
583 703 627 774 in
656 702 844 775 auxilium
871 718 1060 774 assumtos
1089 723 1190 785 esse3
1227 725 1274 772 ex
1300 701 1385 774 aliis
1412 720 1539 775 autem
1565 704 1817 800 scriptoribus
1845 714 2049 812 cognitum
2073 716 2187 791 habe·

429 846 541 907 mus,
567 824 721 919 liugos:
747 821 935 903 Herulos,
963 819 1088 894 Sciros
1116 836 1154 891 et
1179 820 1426 921 Turcilingos
1453 822 1622 895 Odoacre
1658 824 1753 899 duce
1787 842 1875 902 tum
1906 833 2094 931 temporis
2120 837 2188 911 sti·

429 938 571 1036 pendia
598 939 783 1011 Romanis
809 938 955 1011 fecisse.
1305 950 1310 959 '

536 1080 571 1147 3.
599 1060 834 1129 Herulorum
860 1054 965 1129 sedes
992 1078 1013 1129 a
1039 1053 1370 1153 scriptoribusad
1396 1056 1546 1133 easdem
1572 1060 1791 1139 referuntur
1827 1081 1969 1153 terras,
2008 1068 2078 1142 ubi
2101 1073 2188 1149 Ala·

431 1200 507 1251 nos
533 1176 721 1249 habitasse
748 1175 1020 1273 cognovimus.
1071 1174 1279 1265 Ablavius,
1314 1192 1410 1251 teste
1444 1180 1641 1260 Jornande
1679 1182 1730 1271 (o.
1762 1185 1830 1274 23)
1873 1186 2041 1261 Herulos
2079 1186 2188 1280 juxte

433 1296 669 1367 Maeotidem
695 1292 874 1389 paludem
901 1287 1005 1367 sedes
1033 1318 1120 1368 suas
1147 1296 1327 1369 habuisse
1353 1295 1521 1369 tradidit.
1573 1303 1679 1371 Inter
1704 1303 1872 1397 populos
1896 1304 2090 1392 Gothicos,
2117 1307 2189 1403 qui

436 1411 609 1485 Gallieno
636 1417 733 1506 Imp.
763 1438 782 1485 a
807 1418 907 1506 Tyra
934 1410 1055 1483 fluvio
1082 1412 1249 1486 navibus
1275 1412 1441 1509 proiecti
1465 1414 1584 1488 Ponti
1609 1419 1757 1489 Euxini
1784 1444 1870 1494 oras
1903 1421 2185 1519 depopulaban-

375 1588 379 1598 .
433 1548 508 1623 tur,
536 1554 557 1603 a
582 1530 744 1602 Zosimo
772 1530 908 1603 Heruli
934 1530 1190 1603 nominantur
1217 1534 1265 1618 (1.
1292 1534 1387 1622 42);
1414 1548 1604 1627 praeterea
1631 1532 1820 1631 Georgius
1846 1542 2050 1629 Synzallus
2068 1541 2185 1635 (Hist,

433 1656 594 1743 Byzant.
614 1649 738 1744 Script
765 1646 821 1721 ed.
840 1655 973 1721 Venet.
1000 1652 1044 1722 V.
1071 1673 1108 1743 p.
1123 1651 1219 1735 258)
1246 1650 1427 1736 Herulos,
1455 1672 1552 1745 quos
1565 1650 1726 1721 Aerulos
1739 1648 1845 1729 dicit.
1872 1658 2068 1728 Maeotide
2079 1657 2191 1753 quin·

434 1769 560 1867 gentis
587 1768 751 1839 navibus
778 1764 932 1857 trajecta
958 1764 1077 1839 Ponti
1102 1765 1231 1839 vicina
1257 1783 1425 1839 vastasse
1458 1783 1586 1839 narrat
1593 1792 1607 1851 3
1643 1790 1717 1839 neo
1748 1790 1832 1838 non
1867 1790 1889 1839 a
1923 1770 2040 1842 Suida
2065 1777 2188 1843 Heru-

434 1886 565 1973 lorum
592 1885 698 1957 sedes
725 1885 833 1963 ,ultra
860 1889 1001 1977 Tyram
1033 1882 1200 1957 fluvium
1233 1882 1463 1962 referuntur.
1516 1888 1649 1981 Itaque
1682 1885 1850 1961 Herulos
1883 1884 2035 1960 easdem
2067 1883 2187 1976 sedes,

436 2026 529 2101 quas
555 2001 682 2089 Alani,
711 2003 880 2077 tenuisse
907 2003 999 2077 sutis
1025 2020 1141 2099 patet.

510 2136 573 2215 ,4.
600 2125 656 2191 Ita
684 2138 846 2207 tantum,
875 2122 910 2195 si
937 2122 1077 2209 Sciros,
1104 2124 1271 2199 Herulos
1297 2123 1469 2221 aliosque
1502 2124 1720 2199 Gothorum
1757 2124 1926 2219 populos
1962 2123 2011 2197 ad
2043 2114 2190 2199 Alanos

434 2238 667 2335 pertinuisse
694 2239 887 2329 statuitur,
915 2244 1019 2315 unde
1045 2240 1190 2317 factum
1217 2245 1279 2325 sit.
1302 2244 1437 2341 liquet,
1463 2260 1510 2315 ut
1532 2244 1629 2317 sciri
1651 2261 1742 2339 post
1754 2246 1992 2315 Hunnorum
2008 2244 2189 2340 irruptio·

434 2380 527 2431 nem
564 2382 652 2429 cum
688 2359 748 2433 lais
788 2358 990 2451 conjuncti
1017 2369 1293 2458 comparerent.
1320 2364 1427 2456 (Zos.
1464 2368 1536 2448 IV,
1578 2378 1639 2454 34.
1666 2365 1752 2434 Soz.
1780 2360 1884 2433 Hist.
1911 2385 1987 2434 ecc.
2013 2366 2089 2449 IX,
2117 2362 2188 2451 5.).

434 2481 627 2549 Praeterea
654 2466 889 2552 Herulorum
916 2504 1069 2576 quoque
1095 2482 1345 2579 migrationes
1372 2503 1393 2552 a
1419 2476 1615 2554 Maeotide
1649 2478 1694 2551 in
1719 2494 1846 2574 partes
1878 2488 2053 2577 Europae
2090 2478 2190 2555 occi·

410 2591 603 2675 ,dentales
629 2594 752 2669 factae
777 2598 848 2671 hac
874 2595 1091 2689 conjectura
1118 2600 1204 2671 luce
1230 2598 1395 2693 quadam
1416 2596 1703 2669 collustrantur.

400 2725 426 2761 ἰ
539 2708 688 2809 Quibus
715 2736 762 2783 ex
787 2710 898 2800 rebus
925 2716 1156 2805 sequeretur,
1183 2708 1398 2779 Alanorum
1424 2706 1677 2781 Gothicorum
1701 2710 1865 2784 nomine
1885 2714 2087 2811 Rugosum
2104 2738 2190 2810 ptr·

435 2850 527 2919 tem,
553 2822 778 2921 Herulos2),
805 2828 927 2901 S'ciros
956 2842 994 2899 et
1019 2822 1181 2899 fortasse
1208 2824 1455 2923 Turcilingos
1484 2849 1638 2923 quoque
1657 2828 1865 2921 appellatos
1892 2829 2024 2905 fuisse.
2052 2834 2108 2907 Hi
2123 2858 2189 2907 eu·

436 2970 517 3023 tem
537 2948 657 3021 ‘Alani
683 2944 786 3018 haud
814 2945 923 3017 omni
950 2943 1181 3016 commercio
1209 2960 1247 3016 et
1272 2960 1492 3017 commeatu
1517 2945 1729 3037 Alanorum
1765 2961 1870 3019 trans
1908 2949 2058 3027 Tanain
2082 2950 2192 3025 habi·

437 3067 608 3143 tantium
654 3064 851 3149 carebant,
904 3086 995 3135 nam
1041 3058 1192 3135 fabulae
1238 3062 1348 3149 illae,
1404 3060 1546 3159 quibus
1591 3062 1730 3136 Hunni
1781 3064 1968 3140 miraculo
2021 3070 2189 3165 quodam

435 3183 644 3257 transitum
670 3206 738 3278 per
763 3178 999 3255 Maeotidem
1023 3180 1205 3277 paludem
1231 3179 1435 3255 traduntur
1459 3180 1676 3269 invenisse,
1702 3181 1863 3256 historia
1882 3186 1988 3285 §clara
2014 3187 2107 3261 satis
2133 3211 2190 3260 re·

419 3300 637 3400 ‘felluntun
695 3284 924 3375 Ammianus
950 3299 1200 3373 Marcellinus
1228 3302 1361 3391 (XXI,
1388 3300 1431 3391 a)
1458 3302 1581 3371 multa
1608 3298 1655 3370 de
1690 3300 1905 3371 Alanorum
1930 3302 2188 3383 Asiaticorum

308 3506 316 3524 κ
368 3444 380 3453 ·
436 3440 575 3495 natura
601 3438 714 3520 atque
739 3420 912 3495 moribus
939 3418 1077 3507 tradit,
1103 3442 1199 3517 quae
1225 3419 1270 3493 in
1297 3420 1442 3493 Alanos
1467 3434 1621 3490 tantum
1647 3414 1831 3491 Gothicos
1856 3412 1987 3491 cedere
2012 3416 2190 3513 potuisse

437 3610 643 3633 w

405 3821 418 3849 .
525 3778 562 3856 a)
585 3779 681 3867 Apud
702 3782 792 3847 Jorn.
815 3802 844 3845 c.
865 3790 918 3859 50.
950 3780 1046 3845 Alani
1078 3778 1209 3867 quidem
1231 3780 1272 3843 ab

389 3928 395 3934 -
438 3884 573 3947 Herulis
595 3904 754 3977 armorum
784 3884 943 3969 gravitate
970 3900 1192 3959 secernuntur,
1238 3898 1274 3945 at

440 4005 513 4045 cum
551 3986 694 4047 nominis
732 3985 890 4047 societate
929 4006 1053 4047 morum
1089 3984 1270 4047 similitudo
1301 4044 1306 4052 ,

438 4106 505 4147 uon
527 4108 652 4166 semper
675 4092 848 4173 conjuncta
871 4108 941 4148 esse
964 4091 1057 4148 solet.
1100 4086 1272 4148 Praeterea

417 4210 555 4286 ¹magna
578 4210 628 4250 ma
650 4188 739 4251 subit
761 4188 925 4273 suspicio,
949 4192 1055 4251 locum
1079 4188 1170 4248 illum
1199 4186 1272 4251 Jor-

439 4288 555 4350 nandis
578 4310 596 4353 e
618 4298 714 4374 poita
737 4293 847 4375 aliquo
870 4288 1073 4373 depromtum
1095 4308 1175 4363 esse,
1199 4288 1272 4371 qui·

439 4390 500 4451 bus
524 4394 558 4453 in
579 4394 711 4477 populis
731 4390 953 4455 describendis
975 4412 1041 4459 non
1063 4391 1270 4466 tamvsritas,

440 4513 535 4579 quam
572 4494 712 4559 varietas
747 4492 904 4579 quaedam
944 4490 1034 4555 cordi
1068 4512 1140 4556 asse
1173 4495 1271 4557 solet.

1358 3778 1458 3843 Coei.
1479 3780 1588 3840 locum
1610 3775 1741 3841 Sidonii
1762 3776 1873 3859 Apoll.
1893 3777 1929 3839 iu
1944 3796 2061 3861 paneg.
2082 3774 2190 3855 Arist,

1356 3880 1416 3943 ubi
1432 3876 1514 3942 Salii
1534 3878 1618 3964 pede
1640 3879 1781 3941 victores
1803 3900 1873 3941 esse
1892 3876 2056 3955 dicuntur,
2079 3898 2191 3963 quem·

1358 3981 1531 4065 admodum
1575 3977 1660 4067 apud
1710 3978 1907 4045 Jornandem
1950 3980 2053 4042 Suevi
2105 3978 2191 4064 pede

1356 4098 1586 4169 praesumunt,
1618 4083 1676 4167 qui
1697 4086 1789 4145 locus
1812 4080 1941 4143 Sidonii
1969 4081 2067 4143 facile
2089 4103 2191 4167 uago·

1357 4186 1399 4247 tii
1421 4184 1596 4268 quidquam
1625 4186 1785 4246 facessere
1805 4196 1917 4267 potest
1938 4183 1998 4258 ei,
2042 4182 2100 4266 qui
2121 4204 2189 4245 non

1355 4286 1551 4361 meminerit,
1574 4288 1727 4361 Francos,
1751 4305 1888 4369 quorum
1910 4305 1983 4371 pars
2005 4283 2210 4358 nonestati..

1355 4386 1504 4474 peditum
1524 4386 1642 4453 roboro
1664 4386 1817 4453 vunan.
2109 4389 2113 4400 ⁴
