<?xml version="1.0" encoding="UTF-8"?>
<!DOCTYPE html PUBLIC "-//W3C//DTD XHTML 1.0 Transitional//EN"
    "http://www.w3.org/TR/xhtml1/DTD/xhtml1-transitional.dtd">
<html xmlns="http://www.w3.org/1999/xhtml" xml:lang="en" lang="en">
 <head>
  <title>
</title>
<meta http-equiv="Content-Type" content="text/html;charset=utf-8" />
  <meta name='ocr-system' content='tesseract 3.04.00' />
  <meta name='ocr-capabilities' content='ocr_page ocr_carea ocr_par ocr_line ocrx_word'/>
</head>
<body>
  <div class='ocr_page' id='page_1' title='image "./deostrogothorum00eisegoog_0010.png"; bbox 0 0 4800 5567; ppageno 0'>
   <div class='ocr_carea' id='block_1_1' title="bbox 1085 213 1418 297">
    <p class='ocr_par' dir='ltr' id='par_1_1' title="bbox 1085 213 1418 297">
     <span class='ocr_line' id='line_1_1' title="bbox 1085 213 1418 297; baseline 0.009 -22"><span class='ocrx_word' id='word_1_1' title='bbox 1085 213 1418 297; x_wconf 72' lang='lat' dir='ltr'>..g-</span> 
     </span>
    </p>
   </div>
   <div class='ocr_carea' id='block_1_2' title="bbox 211 396 2140 1739">
    <p class='ocr_par' dir='ltr' id='par_1_2' title="bbox 296 396 2134 726">
     <span class='ocr_line' id='line_1_2' title="bbox 296 396 2133 545; baseline -0.003 -23"><span class='ocrx_word' id='word_1_2' title='bbox 296 396 300 405; x_wconf 35' lang='lat'>&#39;</span> <span class='ocrx_word' id='word_1_3' title='bbox 379 431 666 523; x_wconf 88' lang='lat' dir='ltr'><strong>confirmetur</strong></span> <span class='ocrx_word' id='word_1_4' title='bbox 692 424 869 519; x_wconf 86' lang='lat' dir='ltr'><strong>indiciis</strong></span> <span class='ocrx_word' id='word_1_5' title='bbox 904 444 950 515; x_wconf 86' lang='lat' dir='ltr'><strong>et</strong></span> <span class='ocrx_word' id='word_1_6' title='bbox 981 452 1083 513; x_wconf 89' lang='lat' dir='ltr'><strong>cnm</strong></span> <span class='ocrx_word' id='word_1_7' title='bbox 1114 449 1264 509; x_wconf 88' lang='lat' dir='ltr'><strong>rerum</strong></span> <span class='ocrx_word' id='word_1_8' title='bbox 1295 440 1420 512; x_wconf 77' lang='lat' dir='ltr'><strong>stam</strong></span> <span class='ocrx_word' id='word_1_9' title='bbox 1449 429 1623 545; x_wconf 86' lang='lat' dir='ltr'><strong>optime</strong></span> <span class='ocrx_word' id='word_1_10' title='bbox 1655 440 1921 545; x_wconf 82' lang='lat' dir='ltr'><strong>conveniat,</strong></span> <span class='ocrx_word' id='word_1_11' title='bbox 1952 438 2133 535; x_wconf 67' lang='lat' dir='ltr'><strong>demon.</strong></span> 
     </span>
     <span class='ocr_line' id='line_1_3' title="bbox 380 584 2134 726; baseline 0.003 -31"><span class='ocrx_word' id='word_1_12' title='bbox 380 628 515 695; x_wconf 86' lang='lat' dir='ltr'><strong>strare</strong></span> <span class='ocrx_word' id='word_1_13' title='bbox 556 620 742 689; x_wconf 83' lang='lat' dir='ltr'><strong>conatus</strong></span> <span class='ocrx_word' id='word_1_14' title='bbox 785 628 894 687; x_wconf 85' lang='lat' dir='ltr'><strong>sum.</strong></span> <span class='ocrx_word' id='word_1_15' title='bbox 983 596 1098 681; x_wconf 88' lang='lat' dir='ltr'><strong>Cum</strong></span> <span class='ocrx_word' id='word_1_16' title='bbox 1141 584 1299 677; x_wconf 57' lang='lat' dir='ltr'><strong>autem&#39;</strong></span> <span class='ocrx_word' id='word_1_17' title='bbox 1321 591 1408 679; x_wconf 87' lang='lat' dir='ltr'><strong>hac</strong></span> <span class='ocrx_word' id='word_1_18' title='bbox 1446 598 1498 680; x_wconf 90' lang='lat' dir='ltr'><strong>in</strong></span> <span class='ocrx_word' id='word_1_19' title='bbox 1530 627 1579 683; x_wconf 86' lang='lat' dir='ltr'><strong>re</strong></span> <span class='ocrx_word' id='word_1_20' title='bbox 1619 632 1714 687; x_wconf 88' lang='lat' dir='ltr'><strong>non</strong></span> <span class='ocrx_word' id='word_1_21' title='bbox 1745 608 1808 689; x_wconf 91' lang='lat' dir='ltr'><strong>sit</strong></span> <span class='ocrx_word' id='word_1_22' title='bbox 1834 616 2134 726; x_wconf 85' lang='lat' dir='ltr'><strong>propositum,</strong></span> 
     </span>
    </p>

    <p class='ocr_par' dir='ltr' id='par_1_3' title="bbox 211 746 2136 1053">
     <span class='ocr_line' id='line_1_4' title="bbox 211 746 2135 895; baseline -0.003 -33"><span class='ocrx_word' id='word_1_23' title='bbox 211 746 219 758; x_wconf 39' lang='lat'><strong><em>¹</em></strong></span> <span class='ocrx_word' id='word_1_24' title='bbox 324 788 329 796; x_wconf 78' lang='grc'><em>“</em></span> <span class='ocrx_word' id='word_1_25' title='bbox 380 778 615 861; x_wconf 82' lang='lat' dir='ltr'><strong>historiam</strong></span> <span class='ocrx_word' id='word_1_26' title='bbox 646 768 903 895; x_wconf 85' lang='lat' dir='ltr'><strong>Gothorum</strong></span> <span class='ocrx_word' id='word_1_27' title='bbox 934 792 1133 851; x_wconf 86' lang='lat' dir='ltr'><strong>enarrare</strong></span> <span class='ocrx_word' id='word_1_28' title='bbox 1164 782 1213 848; x_wconf 84' lang='lat' dir='ltr'><strong>ct</strong></span> <span class='ocrx_word' id='word_1_29' title='bbox 1242 763 1320 849; x_wconf 92' lang='lat' dir='ltr'><strong>hic</strong></span> <span class='ocrx_word' id='word_1_30' title='bbox 1338 764 1517 851; x_wconf 86' lang='lat' dir='ltr'><strong>libellus</strong></span> <span class='ocrx_word' id='word_1_31' title='bbox 1540 769 1807 859; x_wconf 76' lang='lat' dir='ltr'><strong>arctioribus</strong></span> <span class='ocrx_word' id='word_1_32' title='bbox 1836 772 2002 865; x_wconf 84' lang='lat' dir='ltr'><strong>finibus</strong></span> <span class='ocrx_word' id='word_1_33' title='bbox 2032 813 2135 871; x_wconf 70' lang='lat' dir='ltr'><strong>con.</strong></span> 
     </span>
     <span class='ocr_line' id='line_1_5' title="bbox 378 940 2136 1053; baseline 0.002 -22"><span class='ocrx_word' id='word_1_34' title='bbox 378 952 577 1031; x_wconf 74' lang='lat' dir='ltr'><strong>tinuatur</strong></span> <span class='ocrx_word' id='word_1_35' title='bbox 607 968 784 1027; x_wconf 85' lang='lat' dir='ltr'><strong>necesse</strong></span> <span class='ocrx_word' id='word_1_36' title='bbox 816 942 901 1044; x_wconf 86' lang='lat' dir='ltr'><strong>sit,</strong></span> <span class='ocrx_word' id='word_1_37' title='bbox 933 940 1022 1042; x_wconf 84' lang='lat' dir='ltr'><strong>jam</strong></span> <span class='ocrx_word' id='word_1_38' title='bbox 1051 953 1203 1053; x_wconf 85' lang='lat' dir='ltr'><strong>patet,</strong></span> <span class='ocrx_word' id='word_1_39' title='bbox 1243 965 1318 1021; x_wconf 88' lang='lat' dir='ltr'><strong>me</strong></span> <span class='ocrx_word' id='word_1_40' title='bbox 1359 964 1413 1023; x_wconf 85' lang='lat' dir='ltr'><strong>ca</strong></span> <span class='ocrx_word' id='word_1_41' title='bbox 1446 955 1625 1051; x_wconf 73' lang='lat' dir='ltr'><strong>tantum</strong></span> <span class='ocrx_word' id='word_1_42' title='bbox 1655 971 1682 1027; x_wconf 86' lang='lat' dir='ltr'><strong>e</strong></span> <span class='ocrx_word' id='word_1_43' title='bbox 1713 941 1971 1033; x_wconf 76' lang='lat' dir='ltr'><strong>Gothorum</strong></span> <span class='ocrx_word' id='word_1_44' title='bbox 2004 954 2136 1041; x_wconf 77' lang='lat' dir='ltr'><strong>rebus</strong></span> 
     </span>
    </p>

    <p class='ocr_par' dir='ltr' id='par_1_4' title="bbox 327 1106 2138 1400">
     <span class='ocr_line' id='line_1_6' title="bbox 327 1106 2136 1243; baseline 0.002 -39"><span class='ocrx_word' id='word_1_45' title='bbox 327 1230 332 1243; x_wconf 86' lang='lat'><strong>.</strong></span> <span class='ocrx_word' id='word_1_46' title='bbox 382 1120 514 1231; x_wconf 82' lang='lat' dir='ltr'><strong>gestis</strong></span> <span class='ocrx_word' id='word_1_47' title='bbox 554 1118 774 1225; x_wconf 79' lang='lat' dir='ltr'><strong>attingere</strong></span> <span class='ocrx_word' id='word_1_48' title='bbox 806 1110 1030 1225; x_wconf 85' lang='lat' dir='ltr'><strong>potuisse,</strong></span> <span class='ocrx_word' id='word_1_49' title='bbox 1073 1135 1189 1219; x_wconf 88' lang='lat' dir='ltr'><strong>quae</strong></span> <span class='ocrx_word' id='word_1_50' title='bbox 1228 1108 1432 1223; x_wconf 86' lang='lat' dir='ltr'><strong>proxime</strong></span> <span class='ocrx_word' id='word_1_51' title='bbox 1462 1106 1518 1193; x_wconf 86' lang='lat' dir='ltr'><strong>ad</strong></span> <span class='ocrx_word' id='word_1_52' title='bbox 1557 1141 1652 1199; x_wconf 87' lang='lat' dir='ltr'><strong>rem</strong></span> <span class='ocrx_word' id='word_1_53' title='bbox 1684 1116 1829 1231; x_wconf 81' lang='lat' dir='ltr'><strong>ipsam</strong></span> <span class='ocrx_word' id='word_1_54' title='bbox 1864 1114 2136 1223; x_wconf 83' lang='lat' dir='ltr'><strong>accederent</strong></span> 
     </span>
     <span class='ocr_line' id='line_1_7' title="bbox 383 1274 2138 1400; baseline 0.002 -27"><span class='ocrx_word' id='word_1_55' title='bbox 383 1283 672 1400; x_wconf 84' lang='lat' dir='ltr'><strong>Singulorum</strong></span> <span class='ocrx_word' id='word_1_56' title='bbox 706 1282 907 1367; x_wconf 87' lang='lat' dir='ltr'><strong>virorum</strong></span> <span class='ocrx_word' id='word_1_57' title='bbox 940 1279 1182 1363; x_wconf 86' lang='lat' dir='ltr'><strong>sententias</strong></span> <span class='ocrx_word' id='word_1_58' title='bbox 1221 1274 1309 1361; x_wconf 91' lang='lat' dir='ltr'><strong>hac</strong></span> <span class='ocrx_word' id='word_1_59' title='bbox 1337 1274 1404 1361; x_wconf 71' lang='lat' dir='ltr'><strong>de&#39;</strong></span> <span class='ocrx_word' id='word_1_60' title='bbox 1432 1308 1480 1365; x_wconf 91' lang='lat' dir='ltr'><strong>re</strong></span> <span class='ocrx_word' id='word_1_61' title='bbox 1520 1286 1777 1398; x_wconf 89' lang='lat' dir='ltr'><strong>propositas</strong></span> <span class='ocrx_word' id='word_1_62' title='bbox 1820 1279 2138 1376; x_wconf 83' lang='lat' dir='ltr'><strong>enumerandas</strong></span> 
     </span>
    </p>

    <p class='ocr_par' dir='ltr' id='par_1_5' title="bbox 381 1450 2140 1739">
     <span class='ocr_line' id='line_1_8' title="bbox 382 1450 2140 1571; baseline 0.002 -30"><span class='ocrx_word' id='word_1_63' title='bbox 382 1485 478 1541; x_wconf 91' lang='lat' dir='ltr'><strong>non</strong></span> <span class='ocrx_word' id='word_1_64' title='bbox 508 1454 691 1568; x_wconf 86' lang='lat' dir='ltr'><strong>putavi,</strong></span> <span class='ocrx_word' id='word_1_65' title='bbox 721 1479 781 1535; x_wconf 89' lang='lat' dir='ltr'><strong>ne</strong></span> <span class='ocrx_word' id='word_1_66' title='bbox 811 1465 889 1534; x_wconf 90' lang='lat' dir='ltr'><strong>aut</strong></span> <span class='ocrx_word' id='word_1_67' title='bbox 920 1450 972 1533; x_wconf 89' lang='lat' dir='ltr'><strong>in</strong></span> <span class='ocrx_word' id='word_1_68' title='bbox 1001 1466 1128 1571; x_wconf 79' lang='lat' dir='ltr'><strong>tanta</strong></span> <span class='ocrx_word' id='word_1_69' title='bbox 1158 1450 1482 1535; x_wconf 78' lang='lat' dir='ltr'><strong>sententiosum</strong></span> <span class='ocrx_word' id='word_1_70' title='bbox 1523 1454 1740 1539; x_wconf 79' lang='lat' dir='ltr'><strong>varietate</strong></span> <span class='ocrx_word' id='word_1_71' title='bbox 1779 1453 2045 1543; x_wconf 79' lang='lat' dir='ltr'><strong>distraheret</strong></span> <span class='ocrx_word' id='word_1_72' title='bbox 2074 1463 2140 1562; x_wconf 86' lang='lat' dir='ltr'><strong>iu·</strong></span> 
     </span>
     <span class='ocr_line' id='line_1_9' title="bbox 381 1596 2140 1739; baseline 0.002 -28"><span class='ocrx_word' id='word_1_73' title='bbox 381 1626 527 1728; x_wconf 88' lang='lat' dir='ltr'><strong>dicio,</strong></span> <span class='ocrx_word' id='word_1_74' title='bbox 567 1640 648 1707; x_wconf 91' lang='lat' dir='ltr'><strong>aut</strong></span> <span class='ocrx_word' id='word_1_75' title='bbox 686 1618 865 1706; x_wconf 87' lang='lat' dir='ltr'><strong>libellus</strong></span> <span class='ocrx_word' id='word_1_76' title='bbox 907 1613 1259 1736; x_wconf 85' lang='lat' dir='ltr'><strong>supramodum</strong></span> <span class='ocrx_word' id='word_1_77' title='bbox 1286 1596 1537 1731; x_wconf 74' lang='lat' dir='ltr'><strong>augeatur,</strong></span> <span class='ocrx_word' id='word_1_78' title='bbox 1587 1626 1850 1739; x_wconf 85' lang='lat' dir='ltr'><strong>praesertim</strong></span> <span class='ocrx_word' id='word_1_79' title='bbox 1898 1654 2003 1712; x_wconf 88' lang='lat' dir='ltr'><strong>cum</strong></span> <span class='ocrx_word' id='word_1_80' title='bbox 2057 1625 2140 1714; x_wconf 78' lang='lat' dir='ltr'><strong>dii·</strong></span> 
     </span>
    </p>
   </div>
   <div class='ocr_carea' id='block_1_3' title="bbox 384 1770 2263 1908">
    <p class='ocr_par' dir='ltr' id='par_1_6' title="bbox 384 1770 2263 1908">
     <span class='ocr_line' id='line_1_10' title="bbox 384 1770 2263 1908; baseline 0.001 -27"><span class='ocrx_word' id='word_1_81' title='bbox 384 1794 636 1881; x_wconf 87' lang='lat' dir='ltr'><strong>ficillimum</strong></span> <span class='ocrx_word' id='word_1_82' title='bbox 666 1793 726 1877; x_wconf 89' lang='lat' dir='ltr'><strong>sit</strong></span> <span class='ocrx_word' id='word_1_83' title='bbox 756 1788 839 1875; x_wconf 87' lang='lat' dir='ltr'><strong>tali</strong></span> <span class='ocrx_word' id='word_1_84' title='bbox 869 1792 919 1877; x_wconf 89' lang='lat' dir='ltr'><strong>in</strong></span> <span class='ocrx_word' id='word_1_85' title='bbox 950 1818 997 1875; x_wconf 81' lang='lat' dir='ltr'><strong>rc</strong></span> <span class='ocrx_word' id='word_1_86' title='bbox 1031 1791 1228 1905; x_wconf 90' lang='lat' dir='ltr'><strong>primum</strong></span> <span class='ocrx_word' id='word_1_87' title='bbox 1258 1792 1455 1877; x_wconf 85' lang='lat' dir='ltr'><strong>versanti</strong></span> <span class='ocrx_word' id='word_1_88' title='bbox 1495 1770 1772 1879; x_wconf 85' lang='lat' dir='ltr'><strong>summorum</strong></span> <span class='ocrx_word' id='word_1_89' title='bbox 1802 1812 1939 1908; x_wconf 87' lang='lat' dir='ltr'><strong>atque</strong></span> <span class='ocrx_word' id='word_1_90' title='bbox 1978 1795 2143 1883; x_wconf 88' lang='lat' dir='ltr'><strong>doctis·</strong></span> <span class='ocrx_word' id='word_1_91' title='bbox 2259 1816 2263 1821; x_wconf 83' lang='grc'><strong><em>’</em></strong></span> 
     </span>
    </p>
   </div>
   <div class='ocr_carea' id='block_1_4' title="bbox 277 1957 2243 3594">
    <p class='ocr_par' dir='ltr' id='par_1_7' title="bbox 361 1957 2243 2922">
     <span class='ocr_line' id='line_1_11' title="bbox 384 1957 2144 2087; baseline 0.002 -38"><span class='ocrx_word' id='word_1_92' title='bbox 384 1967 602 2051; x_wconf 84' lang='lat' dir='ltr'><strong>simorum</strong></span> <span class='ocrx_word' id='word_1_93' title='bbox 629 1961 831 2045; x_wconf 89' lang='lat' dir='ltr'><strong>virorum</strong></span> <span class='ocrx_word' id='word_1_94' title='bbox 861 1960 1131 2045; x_wconf 86' lang='lat' dir='ltr'><strong>auctoritate</strong></span> <span class='ocrx_word' id='word_1_95' title='bbox 1164 1988 1259 2045; x_wconf 90' lang='lat' dir='ltr'><strong>non</strong></span> <span class='ocrx_word' id='word_1_96' title='bbox 1289 1957 1423 2045; x_wconf 89' lang='lat' dir='ltr'><strong>trahi.</strong></span> <span class='ocrx_word' id='word_1_97' title='bbox 1504 1958 1760 2070; x_wconf 84' lang='lat' dir='ltr'><strong>Praeterea,</strong></span> <span class='ocrx_word' id='word_1_98' title='bbox 1789 1960 1880 2087; x_wconf 83' lang='lat' dir='ltr'><strong>hoc</strong></span> <span class='ocrx_word' id='word_1_99' title='bbox 1909 1968 2060 2083; x_wconf 89' lang='lat' dir='ltr'><strong>ipsum</strong></span> <span class='ocrx_word' id='word_1_100' title='bbox 2088 1986 2144 2053; x_wconf 86' lang='lat' dir='ltr'><strong>ut</strong></span> 
     </span>
     <span class='ocr_line' id='line_1_12' title="bbox 385 2128 2140 2253; baseline -0.001 -34"><span class='ocrx_word' id='word_1_101' title='bbox 385 2136 529 2219; x_wconf 81' lang='lat' dir='ltr'><strong>facere</strong></span> <span class='ocrx_word' id='word_1_102' title='bbox 559 2158 762 2248; x_wconf 85' lang='lat' dir='ltr'><strong>possem,</strong></span> <span class='ocrx_word' id='word_1_103' title='bbox 803 2128 1023 2217; x_wconf 89' lang='lat' dir='ltr'><strong>librorum</strong></span> <span class='ocrx_word' id='word_1_104' title='bbox 1068 2132 1241 2215; x_wconf 87' lang='lat' dir='ltr'><strong>recenti</strong></span> <span class='ocrx_word' id='word_1_105' title='bbox 1277 2149 1484 2246; x_wconf 86' lang='lat' dir='ltr'><strong>tempore</strong></span> <span class='ocrx_word' id='word_1_106' title='bbox 1525 2128 1752 2217; x_wconf 87' lang='lat' dir='ltr'><strong>editorum</strong></span> <span class='ocrx_word' id='word_1_107' title='bbox 1791 2139 1924 2253; x_wconf 86' lang='lat' dir='ltr'><strong>copia</strong></span> <span class='ocrx_word' id='word_1_108' title='bbox 1954 2136 2140 2219; x_wconf 90' lang='lat' dir='ltr'><strong>omnino</strong></span> 
     </span>
     <span class='ocr_line' id='line_1_13' title="bbox 371 2256 2144 2424; baseline 0.001 -37"><span class='ocrx_word' id='word_1_109' title='bbox 371 2303 543 2424; x_wconf 61' lang='lat' dir='ltr'><strong>uehit.</strong></span> <span class='ocrx_word' id='word_1_110' title='bbox 604 2256 817 2385; x_wconf 81' lang='lat' dir='ltr'><strong>Attamen</strong></span> <span class='ocrx_word' id='word_1_111' title='bbox 846 2320 972 2412; x_wconf 82' lang='lat' dir='ltr'><strong>grato</strong></span> <span class='ocrx_word' id='word_1_112' title='bbox 1015 2302 1166 2387; x_wconf 88' lang='lat' dir='ltr'><strong>animo</strong></span> <span class='ocrx_word' id='word_1_113' title='bbox 1189 2318 1277 2390; x_wconf 71' lang='lat' dir='ltr'><strong>,est</strong></span> <span class='ocrx_word' id='word_1_114' title='bbox 1307 2296 1639 2405; x_wconf 84' lang='lat' dir='ltr'><strong>confitendum,</strong></span> <span class='ocrx_word' id='word_1_115' title='bbox 1680 2330 1753 2387; x_wconf 89' lang='lat' dir='ltr'><strong>me</strong></span> <span class='ocrx_word' id='word_1_116' title='bbox 1794 2301 2017 2409; x_wconf 86' lang='lat' dir='ltr'><strong>Ludenii,</strong></span> <span class='ocrx_word' id='word_1_117' title='bbox 2057 2307 2144 2389; x_wconf 82' lang='lat' dir='ltr'><strong>viri</strong></span> 
     </span>
     <span class='ocr_line' id='line_1_14' title="bbox 387 2441 2145 2599; baseline -0.002 -37"><span class='ocrx_word' id='word_1_118' title='bbox 387 2502 484 2562; x_wconf 87' lang='lat' dir='ltr'><strong>non</strong></span> <span class='ocrx_word' id='word_1_119' title='bbox 513 2474 608 2557; x_wconf 84' lang='lat' dir='ltr'><strong>sine</strong></span> <span class='ocrx_word' id='word_1_120' title='bbox 639 2473 832 2557; x_wconf 86' lang='lat' dir='ltr'><strong>maxima</strong></span> <span class='ocrx_word' id='word_1_121' title='bbox 859 2466 1043 2557; x_wconf 88' lang='lat' dir='ltr'><strong>honoris</strong></span> <span class='ocrx_word' id='word_1_122' title='bbox 1084 2471 1511 2599; x_wconf 86' lang='lat' dir='ltr'><strong>commemoratione</strong></span> <span class='ocrx_word' id='word_1_123' title='bbox 1550 2441 1816 2555; x_wconf 81' lang='lat' dir='ltr'><strong>nominandi</strong></span> <span class='ocrx_word' id='word_1_124' title='bbox 1852 2490 1900 2557; x_wconf 88' lang='lat' dir='ltr'><strong>et</strong></span> <span class='ocrx_word' id='word_1_125' title='bbox 1936 2475 2145 2559; x_wconf 88' lang='lat' dir='ltr'><strong>cuicum</strong></span> 
     </span>
     <span class='ocr_line' id='line_1_15' title="bbox 387 2634 2243 2765; baseline 0.001 -40"><span class='ocrx_word' id='word_1_126' title='bbox 387 2648 436 2725; x_wconf 90' lang='lat' dir='ltr'><strong>in</strong></span> <span class='ocrx_word' id='word_1_127' title='bbox 468 2642 623 2750; x_wconf 85' lang='lat' dir='ltr'><strong>quavis</strong></span> <span class='ocrx_word' id='word_1_128' title='bbox 652 2638 865 2731; x_wconf 71' lang='lat' dir='ltr'><strong>instoriae</strong></span> <span class='ocrx_word' id='word_1_129' title='bbox 894 2660 1048 2750; x_wconf 79' lang='lat' dir='ltr'><strong>parte,</strong></span> <span class='ocrx_word' id='word_1_130' title='bbox 1079 2661 1179 2725; x_wconf 88' lang='lat' dir='ltr'><strong>tum</strong></span> <span class='ocrx_word' id='word_1_131' title='bbox 1211 2635 1296 2721; x_wconf 87' lang='lat' dir='ltr'><strong>hac</strong></span> <span class='ocrx_word' id='word_1_132' title='bbox 1324 2638 1422 2739; x_wconf 66' lang='lat' dir='ltr'><strong>ipsa</strong></span> <span class='ocrx_word' id='word_1_133' title='bbox 1451 2639 1502 2720; x_wconf 92' lang='lat' dir='ltr'><strong>in</strong></span> <span class='ocrx_word' id='word_1_134' title='bbox 1529 2664 1579 2721; x_wconf 86' lang='lat' dir='ltr'><strong>re</strong></span> <span class='ocrx_word' id='word_1_135' title='bbox 1607 2634 1871 2721; x_wconf 72' lang='lat' dir='ltr'><strong>illustranda</strong></span> <span class='ocrx_word' id='word_1_136' title='bbox 1897 2640 2146 2753; x_wconf 88' lang='lat' dir='ltr'><strong>plurimum</strong></span> <span class='ocrx_word' id='word_1_137' title='bbox 2228 2752 2243 2765; x_wconf 34' lang='grc' dir='ltr'><strong><em>ο</em></strong></span> 
     </span>
     <span class='ocr_line' id='line_1_16' title="bbox 361 2792 2145 2922; baseline -0.003 -28"><span class='ocrx_word' id='word_1_138' title='bbox 361 2806 575 2907; x_wconf 62' lang='lat' dir='ltr'><strong>hebetur</strong></span> <span class='ocrx_word' id='word_1_139' title='bbox 587 2863 600 2906; x_wconf 89' lang='lat'><em>‚</em></span> <span class='ocrx_word' id='word_1_140' title='bbox 632 2798 800 2884; x_wconf 84' lang='lat' dir='ltr'><strong>auxilio</strong></span> <span class='ocrx_word' id='word_1_141' title='bbox 832 2798 1008 2910; x_wconf 82' lang='lat' dir='ltr'><strong>saepius</strong></span> <span class='ocrx_word' id='word_1_142' title='bbox 1042 2820 1135 2877; x_wconf 88' lang='lat' dir='ltr'><strong>esse</strong></span> <span class='ocrx_word' id='word_1_143' title='bbox 1165 2819 1299 2878; x_wconf 87' lang='lat' dir='ltr'><strong>usum</strong></span> <span class='ocrx_word' id='word_1_144' title='bbox 1342 2820 1490 2905; x_wconf 85' lang='lat' dir='ltr'><strong>neque</strong></span> <span class='ocrx_word' id='word_1_145' title='bbox 1526 2792 1671 2879; x_wconf 89' lang='lat' dir='ltr'><strong>multa</strong></span> <span class='ocrx_word' id='word_1_146' title='bbox 1706 2792 1869 2907; x_wconf 79' lang='lat' dir='ltr'><strong>fuisse,</strong></span> <span class='ocrx_word' id='word_1_147' title='bbox 1900 2806 2145 2922; x_wconf 81' lang='lat' dir='ltr'><strong>inquibus</strong></span> 
     </span>
    </p>

    <p class='ocr_par' dir='ltr' id='par_1_8' title="bbox 277 2936 2146 3594">
     <span class='ocr_line' id='line_1_17' title="bbox 277 2936 2145 3085; baseline -0.006 -19"><span class='ocrx_word' id='word_1_148' title='bbox 277 3060 280 3066; x_wconf 85' lang='lat'>.</span> <span class='ocrx_word' id='word_1_149' title='bbox 390 2978 446 3065; x_wconf 88' lang='lat' dir='ltr'><strong>ab</strong></span> <span class='ocrx_word' id='word_1_150' title='bbox 479 2978 571 3082; x_wconf 83' lang='lat' dir='ltr'><strong>ejus</strong></span> <span class='ocrx_word' id='word_1_151' title='bbox 602 2968 871 3057; x_wconf 84' lang='lat' dir='ltr'><strong>auctoritate</strong></span> <span class='ocrx_word' id='word_1_152' title='bbox 901 2967 999 3068; x_wconf 83' lang='lat' dir='ltr'><strong>juro</strong></span> <span class='ocrx_word' id='word_1_153' title='bbox 1028 2958 1144 3047; x_wconf 90' lang='lat' dir='ltr'><strong>mihi</strong></span> <span class='ocrx_word' id='word_1_154' title='bbox 1182 2956 1482 3047; x_wconf 79' lang='lat' dir='ltr'><strong>recedendum</strong></span> <span class='ocrx_word' id='word_1_155' title='bbox 1518 2936 1737 3080; x_wconf 80' lang='lat' dir='ltr'><strong>putarem</strong></span> <span class='ocrx_word' id='word_1_156' title='bbox 1826 2966 2009 3082; x_wconf 89' lang='lat' dir='ltr'><strong>Itaque,</strong></span> <span class='ocrx_word' id='word_1_157' title='bbox 2048 2979 2145 3085; x_wconf 89' lang='lat' dir='ltr'><strong>qui·</strong></span> 
     </span>
     <span class='ocr_line' id='line_1_18' title="bbox 392 3129 2143 3257; baseline -0.005 -24"><span class='ocrx_word' id='word_1_158' title='bbox 392 3172 584 3257; x_wconf 84' lang='lat' dir='ltr'><strong>cumque</strong></span> <span class='ocrx_word' id='word_1_159' title='bbox 613 3140 722 3223; x_wconf 89' lang='lat' dir='ltr'><strong>haec</strong></span> <span class='ocrx_word' id='word_1_160' title='bbox 752 3136 868 3244; x_wconf 83' lang='lat' dir='ltr'><strong>leges</strong></span> <span class='ocrx_word' id='word_1_161' title='bbox 880 3191 894 3236; x_wconf 87' lang='lat'><em>,</em></span> <span class='ocrx_word' id='word_1_162' title='bbox 927 3130 1140 3215; x_wconf 84' lang='lat' dir='ltr'><strong>historiae</strong></span> <span class='ocrx_word' id='word_1_163' title='bbox 1172 3129 1461 3217; x_wconf 84' lang='lat' dir='ltr'><strong>Germanicae</strong></span> <span class='ocrx_word' id='word_1_164' title='bbox 1491 3130 1548 3217; x_wconf 89' lang='lat' dir='ltr'><strong>ab</strong></span> <span class='ocrx_word' id='word_1_165' title='bbox 1583 3136 1684 3249; x_wconf 90' lang='lat' dir='ltr'><strong>ipso</strong></span> <span class='ocrx_word' id='word_1_166' title='bbox 1716 3141 1992 3255; x_wconf 88' lang='lat' dir='ltr'><strong>compositae</strong></span> <span class='ocrx_word' id='word_1_167' title='bbox 2017 3139 2143 3225; x_wconf 86' lang='lat' dir='ltr'><strong>volu·</strong></span> 
     </span>
     <span class='ocr_line' id='line_1_19' title="bbox 393 3272 2145 3421; baseline -0.003 -23"><span class='ocrx_word' id='word_1_168' title='bbox 393 3344 498 3405; x_wconf 86' lang='lat' dir='ltr'><strong>men</strong></span> <span class='ocrx_word' id='word_1_169' title='bbox 528 3306 730 3402; x_wconf 82' lang='lat' dir='ltr'><strong>conferas</strong></span> <span class='ocrx_word' id='word_1_170' title='bbox 763 3298 1010 3394; x_wconf 87' lang='lat' dir='ltr'><strong>secundum</strong></span> <span class='ocrx_word' id='word_1_171' title='bbox 1050 3312 1240 3415; x_wconf 88' lang='lat' dir='ltr'><strong>quaeso,</strong></span> <span class='ocrx_word' id='word_1_172' title='bbox 1280 3272 1362 3384; x_wconf 82' lang='lat' dir='ltr'><strong>ubi</strong></span> <span class='ocrx_word' id='word_1_173' title='bbox 1401 3299 1486 3389; x_wconf 84' lang='lat' dir='ltr'><strong>hac</strong></span> <span class='ocrx_word' id='word_1_174' title='bbox 1525 3304 1625 3419; x_wconf 88' lang='lat' dir='ltr'><strong>ipsa</strong></span> <span class='ocrx_word' id='word_1_175' title='bbox 1664 3300 1719 3388; x_wconf 89' lang='lat' dir='ltr'><strong>de</strong></span> <span class='ocrx_word' id='word_1_176' title='bbox 1753 3334 1803 3389; x_wconf 87' lang='lat' dir='ltr'><strong>re</strong></span> <span class='ocrx_word' id='word_1_177' title='bbox 1841 3309 2145 3421; x_wconf 81' lang='lat' dir='ltr'><strong>compluribus</strong></span> 
     </span>
     <span class='ocr_line' id='line_1_20' title="bbox 392 3466 2146 3594; baseline -0.004 -22"><span class='ocrx_word' id='word_1_178' title='bbox 392 3488 505 3572; x_wconf 91' lang='lat' dir='ltr'><strong>locis</strong></span> <span class='ocrx_word' id='word_1_179' title='bbox 548 3481 730 3594; x_wconf 89' lang='lat' dir='ltr'><strong>copiose</strong></span> <span class='ocrx_word' id='word_1_180' title='bbox 774 3493 819 3558; x_wconf 89' lang='lat' dir='ltr'><strong>et</strong></span> <span class='ocrx_word' id='word_1_181' title='bbox 857 3489 912 3557; x_wconf 90' lang='lat' dir='ltr'><strong>ut</strong></span> <span class='ocrx_word' id='word_1_182' title='bbox 953 3470 1067 3557; x_wconf 88' lang='lat' dir='ltr'><strong>solet</strong></span> <span class='ocrx_word' id='word_1_183' title='bbox 1105 3472 1337 3582; x_wconf 83' lang='lat' dir='ltr'><strong>ingeniose</strong></span> <span class='ocrx_word' id='word_1_184' title='bbox 1377 3466 1637 3587; x_wconf 86' lang='lat' dir='ltr'><strong>disputavit</strong></span> <span class='ocrx_word' id='word_1_185' title='bbox 1724 3472 1845 3559; x_wconf 85' lang='lat' dir='ltr'><strong>Vale.</strong></span> <span class='ocrx_word' id='word_1_186' title='bbox 1888 3470 2146 3565; x_wconf 87' lang='lat' dir='ltr'><strong>Scribebam</strong></span> 
     </span>
    </p>
   </div>
   <div class='ocr_carea' id='block_1_5' title="bbox 310 3594 1310 3757">
    <p class='ocr_par' dir='ltr' id='par_1_9' title="bbox 310 3594 1310 3757">
     <span class='ocr_line' id='line_1_21' title="bbox 310 3594 1310 3757; baseline -0.029 -8"><span class='ocrx_word' id='word_1_187' title='bbox 310 3594 313 3597; x_wconf 15' lang='grc' dir='ltr'>Ι</span> <span class='ocrx_word' id='word_1_188' title='bbox 396 3660 531 3757; x_wconf 85' lang='lat' dir='ltr'><strong>Jenae</strong></span> <span class='ocrx_word' id='word_1_189' title='bbox 563 3676 713 3737; x_wconf 87' lang='lat' dir='ltr'><strong>mense</strong></span> <span class='ocrx_word' id='word_1_190' title='bbox 743 3646 881 3743; x_wconf 89' lang='lat' dir='ltr'><strong>Junio</strong></span> <span class='ocrx_word' id='word_1_191' title='bbox 913 3630 1310 3735; x_wconf 83' lang='lat' dir='ltr'><strong>MDCGGXXXV.</strong></span> 
     </span>
    </p>
   </div>
   <div class='ocr_carea' id='block_1_6' title="bbox 990 3870 1558 3914">
    <p class='ocr_par' dir='ltr' id='par_1_10' title="bbox 990 3870 1558 3914">
     <span class='ocr_line' id='line_1_22' title="bbox 990 3870 1558 3914; baseline -0.004 -7"><span class='ocrx_word' id='word_1_192' title='bbox 990 3870 1558 3914; x_wconf 57' lang='lat' dir='ltr'><strong>m-</strong></span> 
     </span>
    </p>
   </div>
   <div class='ocr_carea' id='block_1_7' title="bbox 0 0 2415 5556">
    <p class='ocr_par' dir='ltr' id='par_1_11' title="bbox 0 0 2415 5556">
     <span class='ocr_line' id='line_1_23' title="bbox 0 0 2415 5556; baseline 0 0"><span class='ocrx_word' id='word_1_193' title='bbox 0 0 2415 5556; x_wconf 95' lang='lat' dir='ltr'><strong> </strong></span> 
     </span>
    </p>
   </div>
  </div>
 </body>
</html>
