4800 5567
902 304 985 393 ,-
1083 274 1136 369 ,11
1238 308 1291 329 -

1054 470 1343 568 §·s··'

588 653 652 723 De
685 647 832 735 Gothis,
862 648 926 745 qui
954 646 1169 722 alanorum
1207 628 1356 723 nomine
1383 650 1624 728 denotantur.

315 838 510 937 Magnam
538 837 754 911 Gothorum
780 820 926 933 partem
954 834 1166 908 Alanorum
1192 835 1355 922 nomine
1381 844 1611 936 appellatam
1637 870 1727 935 esse,
1755 852 1799 926 in
1818 857 1979 942 dubium

125 943 133 955 ’
221 956 351 1029 vocari
376 957 524 1053 nequit.
551 958 761 1053 Procopius
790 956 916 1040 enim,
946 955 1012 1049 qui
1039 954 1155 1028 variis
1184 956 1423 1053 temporibus
1450 978 1489 1031 et
1512 962 1725 1064 locislcum
1751 972 1976 1062 hominibus

221 1068 375 1145 Gothici
392 1076 567 1161 nominis
585 1092 757 1149 versatus
777 1093 844 1163 est,
863 1074 1006 1146 Alanos
1019 1070 1137 1145 fuisse
1149 1092 1303 1171 gentem
1313 1077 1513 1149 Gothicam
1531 1078 1669 1155 diserte
1684 1090 1808 1165 tradit.
1821 1096 1869 1169 cf.
1880 1105 1974 1176 Bell.

221 1188 341 1268 Vand.
360 1198 379 1263 1
398 1219 434 1290 p.
454 1218 488 1282 3.
502 1197 597 1267 Bell.
612 1196 725 1268 Goth.
739 1217 776 1289 p.
802 1216 871 1290 159
891 1194 946 1266 ed.
958 1198 1060 1291 Hug.
1079 1198 1184 1265 Grot.
1203 1200 1394 1267 Praeterea
1406 1201 1530 1284 Serus,
1553 1200 1819 1285 celeberrimus
1831 1222 1975 1295 Gotho·

119 1326 120 1331 ’
218 1334 328 1395 rum,
357 1312 426 1405 qui
452 1314 650 1385 Foederati
677 1314 919 1397 dicebantur,
948 1312 1047 1397 dux,
1076 1310 1193 1384 modo
1229 1312 1376 1407 Gothus
1410 1316 1528 1388 modo
1563 1319 1709 1395 Alanus
1745 1335 1974 1414 nominatur

218 1429 389 1521 (Sozom.
408 1436 474 1513 IX,
505 1456 526 1527 9
555 1449 593 1505 et
623 1450 679 1517 15.
706 1431 889 1513 Jomand.
918 1429 964 1501 de
989 1454 1095 1529 regn.
1123 1429 1302 1527 success).
1327 1438 1409 1505 Nec
1434 1458 1518 1506 non
1545 1442 1666 1533 Aspar
1692 1443 1769 1531 ille,
1798 1452 1867 1544 qui
1893 1480 1972 1531 ma.

219 1546 325 1617 xime
351 1548 451 1619 inter
476 1552 671 1625 Romanos
691 1550 902 1623 'orientales
930 1549 1117 1648 gaudebat
1153 1552 1350 1645 potentia,
1387 1552 1479 1625 alias
1515 1556 1683 1646 Alanus,
1721 1588 1740 1633 a
1775 1572 1972 1668 Jomande

218 1663 432 1736 Gothorum
446 1671 717 1764 genereclarus
734 1668 886 1743 dicitur.
916 1668 1053 1759 (Gand.
1081 1674 1197 1741 Isaur.
1223 1671 1305 1754 Ecl.
1335 1670 1438 1742 Hist.
1463 1696 1501 1767 p.
1532 1698 1592 1764 17.
1619 1682 1803 1757 Jomand.
1824 1690 1870 1761 de
1890 1696 1967 1771 reb.

218 1784 299 1853 Get.
326 1798 387 1874 45.
416 1784 556 1859 chron.
572 1790 714 1861 Pasch.
742 1812 779 1884 p.
800 1790 915 1879 μδ.)
956 1786 1121 1872 Accedit,
1152 1788 1257 1897 quod
1282 1790 1515 1877 Jomandes,
1543 1793 1653 1885 cujus
1676 1800 1839 1891 maiores
1865 1811 1969 1887 inter

215 1900 356 1973 Alanos
384 1905 653 1993 versabantur,
685 1908 896 1981 Alanoram
924 1905 1121 1995 cujusdam
1147 1906 1278 1992 ducis,
1306 1907 1677 1989 candacismomine
1704 1922 1893 2019 originem
1920 1936 1968 2007 ad

215 2016 370 2091 Amalos
397 2020 522 2094 refert.
551 2026 602 2113 (c.
632 2024 725 2111 fio).
774 2024 863 2122 Quo
891 2025 1046 2119 quidem
1082 2022 1165 2115 jure
1191 2025 1404 2097 Alanorum
1440 2031 1541 2123 parti
1577 2036 1785 2111 Gothicum
1821 2068 1967 2124 nomen

213 2134 385 2207 inditum
412 2139 475 2224 sit,
503 2140 553 2209 ob
580 2139 731 2236 generis
756 2141 1092 2230 necessitudinem,
1122 2142 1171 2214 ob
1198 2166 1393 2214 armorum
1419 2150 1659 2225 consortium
1685 2158 1749 2229 vel
1774 2163 1887 2237 aliam
1916 2171 1964 2241 ob
2048 2232 2052 2240 .

215 2270 389 2340 causam,
406 2279 488 2328 non
515 2256 651 2355 liquet.
1372 2257 1379 2274 '

215 2420 218 2429 ·
314 2372 432 2447 Alani
456 2370 535 2467 iam
561 2376 608 2449 ab
636 2378 914 2477 antiquissimis
942 2381 1182 2479 temporibus
1207 2376 1253 2454 ia
1278 2382 1503 2482 regionibus
1537 2388 1839 2488 habitaverunt,
1868 2430 1964 2501 quae

212 2493 427 2566 aGaucaso
454 2510 588 2567 monte
614 2494 735 2593 usque
774 2498 821 2571 ad
856 2524 957 2571 mare
984 2491 1176 2597 'Caspium
1212 2519 1251 2574 et
1287 2522 1417 2597 portas
1449 2509 1606 2603 'Caspias
1641 2516 1894 2614 porriguntur
1928 2544 1967 2596 et

210 2604 439 2682 Ammianus
466 2616 730 2702 Marcellinus,
759 2616 826 2712 qui
852 2642 986 2691 eorum
1013 2616 1109 2691 fines
1136 2621 1262 2692 multo
1289 2621 1447 2711 longius
1473 2647 1658 2711 removet,
1684 2654 1870 2719 genteset
1889 2644 1962 2707 ori-

120 2758 123 2765 *
211 2724 367 2818 gine·et
392 2730 553 2800 nomine
580 2730 748 2801 diversas
774 2734 818 2797 in
846 2728 918 2799 ho'c
944 2748 1089 2800 nomen
1118 2724 1257 2800 abiisse
1286 2745 1451 2801 testatur
1484 2732 1651 2825 (XXXI,
1688 2742 1755 2831 22).
1799 2750 1962 2826 Etiamsi

211 2838 382 2911 missum·
400 2841 563 2917 facimus
590 2851 793 2930 Zonaram,
822 2847 889 2941 qui
915 2846 1059 2949 Alanos
1087 2844 1302 2943 antiquitus
1339 2848 1511 2923 Albanos
1549 2854 1671 2928 dictos
1707 2854 1826 2935 fuisse
1862 2872 1970 2960 vult,
2063 2908 2069 2922 ·

208 2952 287 3045 jam
313 2982 333 3028 a
360 2950 533 3035 Martiali
560 2967 670 3053 (VII,
698 2967 766 3058 29)
794 2982 832 3036 et
858 2988 878 3037 a
905 2968 1125 3039 Ptolomaeo
1155 2960 1237 3063 (111,
1267 2970 1309 3058 5)
1337 2967 1487 3045 easdem
1512 2973 1620 3046 sedes
1653 2992 1829 3055 tenentes
1857 3011 1959 3063 com·

210 3096 497 3163 memorantur,
533 3104 626 3172 quas
654 3082 788 3153 multis
824 3083 981 3157 saeculis
1008 3102 1117 3179 post,
1160 3107 1277 3181 quam
1316 3088 1521 3161 Gothicum
1555 3117 1699 3165 nomen
1734 3087 1955 3195 interiisset,

210 3190 343 3260 eodem
371 3194 441 3263 sub
463 3182 629 3271 'nomine
655 3198 856 3271 retinuere.
909 3201 1021 3273 Unde
1047 3203 1180 3297 liquet,
1207 3206 1410 3278 Alanicum
1447 3232 1592 3283 nomen
1627 3238 1710 3285 non
1739 3242 1770 3317 a
1807 3226 1957 3319 populo

209 3308 375 3401 quodam
402 3312 480 3387 illis
508 3315 617 3387 terris
643 3316 812 3389 inditum
851 3342 950 3404 esse,
988 3319 1053 3391 sed
1090 3321 1259 3417 populos
1291 3324 1366 3395 hoc
1398 3350 1543 3399 nomen
1575 3328 1600 3401 'a
1639 3335 1749 3407 terris
1782 3344 1952 3419 traxisse.

208 3430 312 3522 Quae
339 3452 427 3501 cum
452 3434 507 3504 ita
534 3434 626 3522 sint,
653 3438 768 3511 etiam
795 3436 899 3510 inter
925 3440 1081 3524 Gothos,
1110 3440 1179 3533 qui
1203 3440 1316 3513 Alani
1344 3442 1536 3531 dicuntur,
1563 3446 1637 3522 hoc
1660 3478 1804 3529 nomen
1823 3479 1955 3537 aterra
2017 3473 2022 3481 '

163 3578 170 3593 ·
209 3545 372 3638 quadam
398 3552 587 3645 accepisse
613 3555 821 3628 verisimile
848 3554 916 3642 est,
946 3582 1041 3652 quae
1067 3557 1224 3656 quidem
1250 3576 1348 3629 terra
1375 3560 1428 3633 cis
1457 3564 1607 3667 Tanain
1635 3570 1708 3644 sita
1727 3576 1778 3647 sit
1801 3602 1955 3656 necesse

209 3677 276 3733 est.
330 3668 378 3735 Et
422 3692 461 3738 re
504 3685 604 3742 vera
627 3660 856 3765 Ammianus
895 3676 1145 3756 Marcellinus
1182 3679 1291 3767 (XX,
1332 3678 1372 3770 3)
1407 3680 1619 3757 Alanorum
1666 3694 1953 3791 Europaeorum

206 3782 448 3857 mentionem
484 3784 596 3875 facit,
636 3816 802 3887 quorum
837 3794 941 3867 sedes
976 3794 1078 3865 inter
1104 3800 1246 3887 Tyram
1280 3794 1446 3870 fluvium
1484 3816 1523 3873 et
1555 3810 1791 3885 Maeotidem
1825 3819 1989 3892 refert.-

206 3896 314 3972 ldem
339 3904 457 3976 tradit
484 3908 637 3995 (XXXI,
667 3906 708 3999 3)
734 3914 900 3985 Hunnos
928 3910 1082 4003 trajecta
1108 3916 1302 3987 Maeotide
1326 3916 1371 4013 in
1397 3918 1541 3993 Alanos
1575 3921 1833 4031 Greuthungis
1862 3960 1953 4013 con-

100 4070 103 4074 -
207 4015 299 4092 fines
327 4038 365 4092 et
392 4023 571 4125 Tanaitas
599 4030 808 4124 appellatos
834 4023 1038 4117 incidisse;
1068 4030 1176 4124 cujus
1204 4034 1258 4105 rei
1282 4038 1498 4115 Jornandes
1525 4038 1678 4139 quoque
1697 4052 1804 4125 testis
1818 4074 1950 4129 exstat.

122 4196 127 4204 .
208 4136 258 4223 (c.
289 4142 369 4231 aa.)
397 4148 552 4238 Itaque,
578 4149 640 4247 vel
670 4148 847 4247 singulos
875 4148 1302 4247 quosdam,Gothorum
1329 4158 1519 4257 populos,
1542 4162 1614 4257 qui
1641 4164 1853 4244 Alanorum
1878 4200 1951 4247 no-

205 4254 313 4327 mine
337 4259 649 4367 designarentur,
668 4267 919 4341 demonstrari
946 4294 1068 4365 posse,
1098 4272 1326 4369 quibusdam
1352 4277 1400 4349 de
1426 4278 1550 4353 causis
1587 4282 1704 4357 uobis
1731 4312 1951 4381 persuasum

204 4390 271 4445 est.
324 4380 422 4447 Nam
851 4402 853 4409 ’
1746 4409 1750 4416 ’

228 4536 234 4551 -
309 4516 341 4565 r.
371 4498 464 4569 Sciri
491 4498 629 4575 diserte
655 4528 674 4575 a
701 4506 895 4587 Jomande
922 4508 973 4599 (c.
1002 4508 1067 4603 6⁰)
1102 4511 1204 4585 inter
1227 4510 1371 4587 Alanos
1405 4521 1656 4596 numerantur
1691 4523 1756 4617 (cf.
1795 4550 1824 4597 c.
1853 4533 1946 4621 50.).

313 4630 319 4639 ·
504 4612 511 4619 ’
1458 4640 1539 4709 Bc

910 4776 921 4831 l
