4800 5567
868 257 870 264 ,
951 264 1038 301 ,ἢ
1109 220 1181 321 ,-,.·
1263 269 1318 291 ,-

257 472 397 585 raque,
423 468 593 573 quaeda
617 454 834 543 Gothorum
859 447 1116 568 rabusgestis
1139 462 1180 545 et
1206 443 1254 518 da
1276 439 1460 517 universa
1492 439 1652 516 historia
1678 458 1832 519 exstant
1856 416 2011 545 scripta,
2068 413 2072 424 ³

143 628 146 637 ·
258 579 494 674 irrepserint.

178 728 181 744 .
348 678 503 752 omnis
522 684 657 747 ,nutem
682 670 763 757 ais,
790 686 885 765 quaa
911 654 1108 757 sloriptoris
1135 647 1298 741 alicujus
1313 642 1540 721 testimohio
1557 646 1763 720 tribuenda
1783 666 1857 748 est,
1875 663 1902 723 'a
1923 654 2013 727 dua.

261 782 332 857 bus
365 778 616 877 potissimum
651 773 793 871 pendet
828 763 971 847 causis,
1008 768 1122 841 una,
1143 752 1438 849 proposueritne
1474 751 1556 845 ipse
1582 749 1658 821 sibi
1695 750 1883 847 scriptor,
1919 777 2014 853 quae

261 884 446 957 derebus
474 877 693 979 gestis-sibi
720 870 879 970 cognita·
901 878 1050 947 essent,
1078 855 1198 930 libere
1225 871 1264 926 et
1288 852 1443 926 veritati
1468 853 1745 925 convenienter
1768 853 1933 945 tradere,
1961 860 2014 943 al-¹

258 1004 381 1073 tera,
401 984 571 1057 fueritne
604 979 708 1053 vitae
743 969 937 1054 conditio,
978 962 1122 1037 mentis
1157 956 1354 1051 animique
1387 954 1539 1026 indoles
1574 969 1612 1025 et
1639 954 1843 1051 disciplina
1869 982 1931 1039 ea,
1959 979 2016 1049 ut,

264 1084 368 1188 quae
386 1110 474 1160 vera
503 1098 628 1159 essent
655 1079 750 1153 scire
775 1086 918 1172 posset.
996 1062 1110 1163 Quod
1145 1059 1193 1134 ad
1218 1056 1316 1133 illud
1341 1058 1497 1134 attinet.
1524 1056 1779 1145 Jornandem,
1807 1079 1902 1155 quae
1928 1080 2017 1136 vera

212 1180 215 1187 ⁴
264 1188 411 1276 essem,
449 1188 574 1259 dicere
606 1180 794 1265 voluisse,
829 1173 941 1248 facile
975 1162 1134 1242 concedi
1167 1178 1307 1257 potest.
1374 1158 1535 1257 Quando
1562 1181 1584 1228 a
1609 1159 1768 1253 veritate
1794 1163 1842 1233 ad
1866 1153 2016 1243 fabulas

264 1310 309 1367 et
329 1305 549 1365 commenta
575 1284 723 1357 aberrat
733 1333 754 1366 ,1
771 1281 853 1375 ipse
879 1269 1100 1371 inscitiaet
1120 1262 1279 1357 ¹judiciis
1294 1260 1580 1357 praeconceptis
1607 1258 1773 1345 fellitum
1801 1264 1862 1337 sin
1889 1284 2017 1343 autem

264 1390 482 1489 quaeritur,
509 1385 760 1485 potueritne,
777 1381 844 1477 qui
856 1384 1118 1451 ¹verusrerum
1137 1382 1258 1441 status
1276 1360 1426 1451 fuerit,
1441 1362 1559 1451 scire,
1586 1363 1709 1433 mirlta
1726 1364 1906 1465 obstant,
1921 1385 2018 1465 quo.

265 1495 412 1568 minus·
429 1492 577 1587 integra
604 1486 698 1559 fides
723 1483 760 1555 ei
786 1477 916 1553 haberi
936 1474 1104 1573 possit
1342 1490 1346 1498 ·
1482 1508 1486 1513 ‚
1733 1478 1736 1481 ’
1850 1463 1852 1466 ’
2009 1471 2013 1492 ²

175 1647 176 1660 ,
372 1612 406 1669 t.
436 1592 549 1691 Quod
573 1590 633 1661 ad
669 1583 935 1681 antiquiorum
970 1574 1185 1649 Gothorum
1214 1569 1418 1645 historiam
1448 1567 1605 1651 attinet,
1632 1566 1845 1646 Jornandes
1881 1571 2018 1644 seriori

157 1780 160 1789 ,
218 1696 220 1699 ’
265 1697 369 1776 vixit
395 1713 591 1789 tempore,
626 1686 812 1785 quoiam
841 1678 994 1755 difficile
1022 1691 1122 1762 erat,
1160 1670 1229 1771 qni
1253 1694 1366 1745 verus
1398 1692 1525 1741 rerum
1552 1685 1673 1742 status
1699 1668 1839 1757 fuerit,
1874 1674 2020 1769 perspi.

196 1848 205 1868 ,
267 1821 371 1884 cera3
397 1798 532 1893 itaque·
553 1782 744 1887 strepicio,
780 1810 889 1863 eum,
926 1781 995 1881 qui
1031 1804 1102 1853 suo
1132 1794 1305 1871 tempora
1338 1771 1457 1845 fuerit
1481 1795 1609 1845 rerum
1635 1789 1778 1866 status,
1815 1770 1863 1845 ad
1888 1776 2019 1871 priora
2067 1810 2076 1822 ·

171 1906 174 1911 '
268 1916 444 1997 tempore
465 1896 662 1982 retulisse,
688 1910 893 1985 nunquam
920 1882 1012 1958 'satis
1039 1876 1229 1952 removeri
1254 1890 1394 1980 potest.
1843 1959 1851 1973 ι

372 2025 408 2074 n.
426 1992 624 2080 tornandi
649 1994 696 2065 sd
721 1989 920 2065 veritatem
943 1982 1248 2081 perspiciehdam
1282 2001 1412 2048 rerum
1432 1973 1596 2060 notitia,
1621 1972 1759 2067 judicii
1786 1977 1939 2051 acieset
1962 1980 2021 2052 di·

266 2104 432 2200 sciplina
455 2100 623 2171 deerant.
676 2085 763 2165 Hoc
783 2089 966 2191 cognosci
991 2088 1084 2159 licet
1103 2106 1150 2157 ex
1173 2082 1333 2153 obscura
1363 2076 1446 2168 ejus
1468 2094 1507 2149 et
1523 2077 1758 2149 inconcinna
1784 2078 1940 2161 dicendi
1966 2106 2023 2152 ra·

266 2209 379 2278 tione
387 2231 400 2287 ι
426 2200 509 2272 imo
528 2208 816 2291 nonnunquam
834 2194 881 2263 ad
903 2212 969 2263 res.
988 2188 1168 2275 absurdas
1185 2181 1390 2255 delabitur?
1411 2191 1419 2258 J
1442 2176 1720 2265 Conferantu'r,
1748 2204 1895 2275 quaec.
1919 2203 1952 2267 3.
1976 2184 2023 2272 de
2063 2205 2081 2254 κ

269 2306 350 2381 situ
376 2300 554 2377 scanziae
575 2317 614 2371 et
633 2297 808 2391 Scythiae
834 2290 961 2365 tradit.
983 2285 1034 2381 ¹⁹)
1063 2313 1095 2361 o.
1115 2307 1151 2376 5.
1172 2303 1210 2358 et
1232 2293 1292 2356 it.
1345 2279 1520 2353 Danubii
1539 2280 1757 2375 descriptio.
1786 2304 1818 2353 c.
1840 2301 1902 2375 43.
1929 2307 2024 2379 quae

269 2408 318 2481 dc
342 2395 554 2480 Wala'miro
573 2418 725 2497 atquae
747 2422 778 2471 c.
800 2418 860 2485 50.
880 2397 926 2466 de
947 2392 1117 2466 candace
1134 2406 1179 2461 et.
1195 2382 1391 2482 Gunthige
1416 2382 1548 2475 Alanis
1575 2380 1679 2453 dicit.
1735 2386 1859 2480 Quam
1888 2410 2024 2483 parum
2062 2423 2075 2436 ν

238 2553 239 2560 1
271 2508 350 2591 eibi
369 2504 602 2589 constiterit,
630 2500 813 2600 cognosci
840 2497 932 2570 licet
956 2518 1004 2567 err
1033 2494 1102 2579 iis,
1132 2512 1227 2585 quae
1257 2509 1288 2559 c.
1318 2485 1612 2572 5.de1stro'et
1640 2484 1825 2569 Danubio
1848 2505 1886 2559 et
1907 2512 1937 2558 c.
1966 2482 2039 2562 rs(
2111 2471 2119 2485 ⁸

237 2600 243 2611 ’
270 2609 322 2683 aa
341 2608 481 2679 Daciae
497 2606 594 2686 situ,
623 2624 772 2695 quaec.
796 2624 854 2693 ¹9·
882 2594 929 2667 de
952 2595 1105 2667 Alarico
1124 2592 1256 2677 Balta,
1283 2610 1380 2681 quaa
1400 2610 1432 2658 c.
1462 2598 1522 2673 33.
1540 2584 1588 2657 de
1612 2588 1869 2660 Beiismundo
1888 2588 2024 2661 Amalo
2105 2584 2109 2591 ’

267 2710 320 2781 ad
344 2704 569 2801 visigothos
603 2700 796 2796 migrante
824 2696 940 2774 orcita
967 2709 1028 2759 ‘er‘
1051 2684 1480 2775 hujuslnconstantiae
1517 2684 1676 2750 indicia·
1699 2688 1771 2753 alia
1805 2688 1928 2759 multa
1962 2714 2026 2761 ex.
2091 2754 2093 2758 ¹

270 2824 387 2880 stant.
408 2800 465 2889 ²⁰⁴)
489 2854 493 2861 -
515 2808 638 2897 ‚Quam
655 2801 795 2871 malam
825 2812 1044 2886 temporum
1071 2803 1109 2859 et
1137 2786 1314 2857 locorum
1339 2779 1517 2852 habuerit
1543 2781 1733 2855 rationem
1753 2783 1845 2859 haec
1871 2805 2026 2865 tantum
2095 2812 2107 2831 ‘
2204 2866 2208 2875 ‚

273 2900 400 2983 afferri
416 2904 530 2976 liceat
547 2903 787 2975 documenta.
825 2890 1156 2993 Quemadmodum
1178 2884 1392 2967 Jornandes
1417 2882 1586 2953 tradito.
1608 2900 1677 2975 aa,
1705 2888 1844 2969 Hunni
1861 2892 2027 2964 Maaofi.

173 3011 176 3026 “
272 3004 363 3080 aiem
390 3004 640 3099 transgressi,
677 3016 881 3095 antequam
914 2994 1060 3065 Gothos
1089 2993 1384 3085 impugnarent,
1422 2984 1649 3079 Alipzuros,
1686 2989 1923 3079 Tamassos,
1952 2998 2028 3067 Ita·

273 3102 423 3189 maros,
450 3104 610 3173 Boiscos
635 3100 808 3191 aliosque
833 3096 1001 3191 populos
1023 3094 1214 3189 subegere.
1267 3090 1397 3161 Prisco
1416 3103 1546 3158 autem
1568 3080 1664 3159 teste
1684 3086 1753 3178 (cf.
1781 3117 1817 3188 p.
1837 3110 1898 3185 47.
1951 3102 2027 3187 By.

271 3221 381 3279 zant.
402 3202 471 3294 t),
499 3199 562 3271 cui
580 3196 812 3289 major'lides
831 3212 889 3268 est
914 3194 1107 3277 habenda,
1135 3192 1210 3263 hoo
1233 3192 1321 3263 Ruo
1349 3213 1417 3262 seu
1444 3191 1551 3261 Rova
1578 3182 1813 3265 Hunnorum
1838 3219 1949 3295 rege,
1988 3196 2030 3269 id

277 3323 358 3393 est,
385 3328 470 3377 sexa
501 3302 581 3373 inta
600 3301 715 3373 annis
734 3312 832 3399 'poet
853 3295 999 3369 factum
1018 3310 1076 3365 est
1093 3308 1131 3363 et
1147 3290 1287 3387 populi
1306 3292 1367 3361 illi
1390 3314 1471 3363 non
1496 3292 1704 3365 Maeotidis
1722 3286 1789 3367 s'ed
1814 3296 1904 3369 Istri
1922 3296 2030 3373 fuere

275 3408 440 3481 accolae:
488 3398 522 3494 ¹)
576 3400 689 3499 Quod
724 3396 926 3496 autem-ad
951 3398 1126 3481 locorum
1153 3393 1304 3464 attinet
1332 3392 1535 3477 notitiam,
1563 3418 1583 3464 a
1608 3398 1813 3477 Jomandis
1841 3400 2030 3498 opinione

236 3512 239 3517 ’
279 3512 341 3602 (c.
360 3513 423 3599 t.)
450 3508 621 3578 Baleares
640 3519 678 3577 et
695 3502 856 3585 Orcades
877 3499 1027 3573 insulae
1048 3497 1090 3567 in
1110 3494 1246 3568 eodem
1264 3494 1357 3565 sitae
1377 3508 1471 3565 sunt
1495 3497 1658 3569 Oceano.

274 3664 278 3671 -
382 3632 417 3698 3.
442 3606 620 3694 Accedit,
657 3606 763 3701 quod
788 3602 935 3705 gentis,
973 3597 1082 3689 cujus
1108 3620 1168 3669 res
1194 3594 1363 3691 suscepit
1399 3595 1635 3682 scribendas,
1661 3579 1937 3695 naque'morei
1963 3630 2029 3679 nc·

279 3736 355 3811 que
380 3734 439 3784 res
466 3724 591 3809 gestas
626 3707 751 3781 abvit
831 3700 981 3803 Quodsi
1013 3724 1102 3775 vera
1127 3697 1317 3782 Jornandi
1342 3697 1389 3769 de
1415 3696 1632 3771 Gothorum
1655 3705 1829 3779 moribus
1855 3723 1895 3779 et
1919 3710 2032 3781 rebus

277 3880 486 3905 m

342 3997 425 4083 ip)
456 4000 565 4083 Huius
606 3998 673 4061 loci
712 3995 913 4059 obscuritate
947 3992 1116 4067 Mobniua
1147 4066 1149 4071 ,
1202 4014 1283 4054 urus.
1306 3990 1349 4053 cf·
1373 4010 1456 4072 quae
1478 3988 1504 4053 ei
1529 3996 1578 4067 td.
1602 3992 1636 4054 et
1657 4014 1684 4055 c.
1706 3999 1757 4073 43.
1780 3994 1820 4059 de
1847 3998 2031 4068 Walamiri.

282 4084 489 4163 (Gerebiehte
511 4083 564 4147 des
594 4082 779 4147 sordisclren
805 4080 989 4153 Heidentlr.)
1023 4076 1118 4149 sedu·
1203 4074 1418 4139 Theodemiri
1440 4090 1474 4137 et
1493 4074 1650 4139 Vidimiri
1671 4094 1762 4163 patre
1783 4082 1966 4145 traduntur.
2039 4076 2045 4088 ⁹

281 4186 354 4233 ctus
376 4170 436 4246 as't,
457 4182 496 4230 ut
509 4170 717 4257 opinaretur,
748 4166 835 4253 Vagi
859 4164 996 4227 fluvium
1013 4184 1031 4225 a
1048 4162 1118 4227 Jor·
1290 4162 1346 4232 aa)
1368 4160 1576 4229 Jornandcm,
1599 4184 1682 4245 quaa
1704 4163 1744 4229 do
1758 4166 1809 4231 bis
1822 4170 1956 4250 populis
1971 4186 2035 4231 tra.

283 4254 390 4319 nando
412 4256 447 4317 in
471 4252 719 4317 scandinaviam
740 4252 869 4315 referri.
914 4262 917 4269 ⁴
1205 4244 1273 4319 dit,
1308 4267 1348 4308 err
1379 4247 1451 4329 ipso
1473 4246 1585 4310 Prisco
1607 4246 1754 4313 hausisse
1775 4254 1952 4315 verisimile
1974 4268 2033 4315 est.

239 4349 241 4360 '
370 4339 426 4411 πο)
448 4335 521 4401 Alia
544 4337 700 4426 quaedam
721 4339 864 4421 potiuaa
882 4334 1030 4399 codicum
1048 4352 1117 4395 cor·
1202 4334 1250 4396 Et
1268 4330 1350 4393 haec
1372 4353 1436 4407 res,
1457 4331 1724 4417 quemadmodum
1747 4338 1959 4423 scriptoribus
1982 4360 2037 4401 ve·

188 4453 193 4462 ¹
284 4427 412 4507 ruptala
436 4424 645 4487 eteditorum
663 4424 879 4509 negligentia,
896 4442 991 4503 quam
1011 4440 1027 4480 a
1047 4420 1119 4485 Jor·
1197 4417 1350 4490 teribus,
1384 4430 1425 4477 ut
1460 4416 1538 4496 inde
1569 4439 1691 4503 paucos
1726 4418 1822 4485 floras
1853 4425 2034 4509 colligeret,

284 4506 393 4573 nands
422 4508 495 4594 ipso
524 4506 701 4596 repetenda
732 4528 802 4572 earo
831 4506 918 4571 baud
939 4504 1047 4571 nescii
1069 4525 1121 4566 su·
1204 4505 1366 4570 aruasia,
1388 4500 1513 4568 indicio
1536 4524 1607 4567 essa
1629 4520 1748 4589 potest.
1838 4492 1845 4507 ⁹

1597 4608 1631 4681 E
1685 4704 1690 4711 .
