4800 5567
1339 106 1349 121 .

830 190 1325 273 -..243⁴-

603 246 624 305 ‘x

270 406 317 479 ab
334 402 492 479 Hunni·
511 400 593 476 es'se
619 400 821 498 occupatas
844 394 936 491 (w,
966 396 1046 491 25).
1098 396 1251 471 Deinde
1275 398 1456 495 pnoximo
1483 400 1612 476 statim
1637 415 1811 497 ternpore
1829 402 1942 496 Alani
1962 432 2023 480 us·
2145 489 2150 496 .

269 532 345 606 que
372 508 417 581 ad
444 504 664 580 Pannoniae
691 502 786 579 fines
803 504 995 579 ridentur
1022 502 1231 573 accessisse.
1285 501 1411 572 Amm.
1439 504 1589 574 Macell.
1617 510 1764 591 XXXI,
1795 530 1852 579 re.
1882 525 1919 579 et
1945 534 2024 582 sae·
2056 588 2071 601 ,ι
2160 524 2164 550 ·

269 611 358 685 culo
386 612 524 705 quinto
551 608 729 693 ineunte,
757 605 873 677 Alani
899 628 975 675 una
1003 628 1089 676 cum
1117 605 1250 675 Suevis
1277 620 1316 675 et
1341 605 1521 677 Vandalis
1549 607 1685 677 Rheno
1701 606 1860 697 trajecto
1881 611 2021 685 Gallias

136 704 142 713 ’
202 774 207 781 .
268 706 472 785 irtva'rlunt.
526 710 724 805 Sequitur,
753 708 857 805 quod
891 707 970 801 ipsi
996 705 1134 787 Hunni
1161 706 1296 776 eodem
1321 722 1493 799 tempore
1519 706 1562 777 in
1589 711 1812 780 Pannoniae
1839 712 2022 787 confiniis

270 829 493 909 comparent
520 812 684 901 (zosim.
711 814 765 895 V,
796 811 862 900 37)
874 860 901 895 ,.
912 810 966 881 ita
992 826 1041 879 ut
1063 805 1242 879 Atadlfus
1269 822 1306 879 et
1333 814 1568 881 Hunnorum
1586 828 1624 882 et
1647 812 1861 883 Gothorum
1890 816 2022 909 copias

269 915 368 987 in'de·
387 917 430 987 in
456 915 607 987 Italiam
633 911 852 998 deduxerit,
888 928 926 983 et
960 912 1074 982 tertio
1111 909 1254 982 saeculi
1288 912 1416 1005 quinti
1438 912 1638 984 'decennio
1664 914 1781 984 Dacia
1817 917 2022 1011 praecipua

271 1022 506 1091 Hunnorum
533 1016 611 1089 fuit
636 1016 752 1089 sedes.
781 1013 831 1085 cf.
858 1012 978 1087 Prisci
995 1012 1220 1110 fragmenta.
1273 1018 1406 1109 Itaque
1424 1016 1569 1086 Gothos
1589 1015 1679 1086 inde
1698 1019 1879 1111 expulsos
1901 1016 2023 1092 fuisse
2088 1102 2091 1109 ¹

273 1136 435 1193 constat.
491 1124 666 1215 Quantae
701 1133 828 1189 autem
861 1140 989 1187 rerum
1025 1114 1347 1188 commutationes
1385 1130 1469 1185 tum
1506 1118 1692 1210 temporis
1725 1117 1828 1189 inter
1854 1123 2022 1216 populos

272 1220 448 1293 Danubii
475 1220 623 1291 accolas
649 1216 771 1291 factae
796 1218 896 1303 sint,
933 1216 1144 1289 emaxima
1181 1216 1387 1289 hominurn
1412 1219 1683 1303 multitudine,
1723 1221 1790 1312 qui
1816 1222 1906 1293 inde
1933 1247 2022 1316 pro·

271 1321 367 1397 fecti
392 1323 438 1393 in
464 1320 556 1395 alias
583 1322 791 1395 transirent
815 1337 951 1405 terras,
978 1318 1113 1417 colligi
1146 1317 1252 1392 licet.
1323 1324 1495 1391 Fortasse
1530 1316 1752 1422 Radag'ai'si,
1790 1324 1858 1417 qui
1885 1326 2021 1399 Gothis

272 1422 483 1521 praefuisse
508 1441 547 1494 et
572 1424 752 1496 Danubio
778 1420 936 1511 trajecto
962 1421 1112 1493 Italiam
1139 1420 1324 1493 invasisse
1350 1418 1535 1507 traditur,
1573 1422 1760 1493 exercitus
1795 1423 2022 1500 innumerus

274 1544 422 1623 praeter
447 1527 592 1597 Alanos
614 1542 651 1596 et
668 1525 858 1597 Vandalus
878 1548 899 1595 c
916 1524 1074 1609 Gothis,
1103 1523 1169 1619 qui
1201 1541 1310 1595 antea
1329 1524 1489 1595 Daciam
1519 1524 1782 1608 incoluerant,
1811 1542 1890 1595 erat
1920 1551 2025 1601 com·

273 1627 436 1723 positus.
472 1626 522 1699 cf.
556 1627 701 1700 Zosim.
736 1632 793 1717 V,
821 1630 881 1699 26.
919 1624 1139 1721 Olympiaci.
1167 1623 1304 1724 fragm.
1341 1626 1497 1722 (Scirpt.
1521 1628 1621 1699 Hist.
1649 1632 1742 1717 Byr.
1760 1628 1820 1699 ed.
1841 1634 1973 1701 Vener.
1995 1634 2023 1702 I.
2083 1640 2095 1670 ‘

303 1784 312 1801 .
345 1729 446 1821 146).
503 1726 506 1735 ’
601 1778 605 1787 -
1534 1760 1545 1786 r

273 1752 300 1877 -p
376 1836 509 1927 ltaque
536 1831 582 1904 ab
610 1856 655 1903 eo
682 1848 874 1925 tempore,
902 1852 981 1927 quo
1007 1823 1222 1930 Thervingi
1256 1849 1408 1925 unaque
1443 1854 1531 1902 cum
1567 1828 1627 1902 his
1660 1854 1823 1929 magnus
1853 1834 2025 1907 aliorum

275 1934 490 2006 Gothorum
516 1954 701 2004 numerus
726 1931 954 2004 Danubium
981 1932 1210 2017 transirent,
1246 1946 1351 2003 tanta
1378 1932 1581 2004 hominum
1610 1930 1821 2026 multitudo
1848 1936 2025 2031 sequenti

274 2034 545 2127 temporebus
571 2048 835 2129 aequassem,
863 2047 907 2103 ut
932 2035 1197 2105 Romanorum
1231 2034 1456 2125 provinciae
1491 2034 1671 2105 Danubio
1698 2035 1849 2106 vicinae
1876 2053 2024 2109 totaea
2112 2026 2118 2046 ¹

277 2135 414 2207 Gothis
441 2150 727 2229 occuparentur.
793 2133 987 2231 Quicum
1022 2150 1112 2228 post
1149 2154 1323 2232 pugnam
1349 2134 1450 2228 apud
1476 2136 1787 2231 Hadrianopolin
1815 2137 1954 2222 factam
1981 2140 2027 2209 li·
2144 2214 2155 2221 ,

278 2236 426 2309 centius
467 2258 536 2331 per
568 2230 637 2307 reli
715 2258 732 2307 s
767 2238 1031 2308 Romanorum
1067 2253 1183 2308 terras
1218 2237 1330 2307 nullo
1365 2236 1593 2331 prohibente
1626 2258 1857 2337 vagarentur
1890 2264 2027 2335 easque

276 2338 459 2409 maximis
484 2258 891 2422 afficererffcladibus,
926 2338 1082 2431 tandem
1109 2362 1129 2409 a
1156 2336 1377 2409 Theodosio
1414 2340 1646 2432 Imperatore
1681 2342 1839 2412 coerciti
1873 2358 1965 2413 sunt
1991 2358 2029 2413 et

276 2442 543 2511 Romanorum
569 2438 777 2533 imperium
804 2456 995 2512 servatum
1023 2456 1089 2513 est.
1120 2522 1123 2529 ι
1150 2440 1227 2511 Ηὶο
1261 2440 1366 2511 enim
1405 2440 1501 2510 alios
1529 2442 1743 2513 Gothorum
1784 2443 1965 2537 praemiis
1992 2460 2030 2515 et

278 2540 516 2613 mercedibus
542 2540 617 2612 sibi
643 2537 821 2630 adjunxit
847 2564 1056 2633 eorumque
1096 2542 1252 2613 auxiliis
1279 2540 1326 2611 ad
1352 2565 1514 2639 regnum
1541 2542 1815 2613 stabiliendum
1842 2567 1933 2615 usus
1961 2560 2028 2630 est,

280 2638 626 2715 aliosfertitutline
652 2656 689 2709 et
714 2638 917 2731 prudentia
944 2640 1019 2709 sibi
1047 2638 1155 2707 dicto·
1179 2640 1377 2707 audientes
1396 2639 1574 2707 reddidit.
1626 2641 1731 2709 Idem
1750 2644 1866 2712 variis
1887 2645 2033 2734 Gotho·

278 2768 366 2813 rum
392 2740 566 2835 partibus
586 2761 695 2837 agros
716 2738 897 2810 colendos
915 2738 1145 2835 assignavit,
1172 2738 1227 2808 ita
1252 2752 1298 2807 ut
1323 2736 1517 2831 imprimis
1542 2738 1745 2810 Pannonia
1774 2744 1880 2830 (Zos.
1902 2747 1948 2827 V,
1969 2765 2030 2829 37.

280 2843 409 2915 Parati
442 2864 578 2939 paneg.
615 2839 804 2912 Theodos.
840 2865 872 2913 c.
904 2842 971 2930 32)
1007 2842 1157 2911 Moesia
1196 2856 1235 2910 et
1271 2838 1432 2909 Thracia
1472 2840 1622 2927 (Claud.
1651 2842 1797 2915 Stilich.
1825 2848 1864 2929 1,
1893 2843 2034 2939 94.1V

228 2964 231 2976 ’
282 2945 450 3025 Consul.
469 2940 619 3015 Honor.
650 2945 716 3032 53)
745 2942 827 3014 imo
855 2941 1021 3039 Phrygia
1056 2958 1095 3015 et
1128 2942 1313 3043 Bithynia
1349 2939 1498 3032 (claud
1534 2943 1578 3040 in
1605 2946 1764 3041 Eutrop.
1791 2948 1848 3027 11,
1879 2948 2032 3039 152.)a

278 3047 420 3118 Gothis
445 3058 679 3115 tenerentur.
747 3138 751 3149 Ι

393 3178 396 3187 .
671 3182 674 3187 .
1749 3153 1767 3190 X

1095 3182 1132 3271 a·
1171 3194 1232 3272 14·

1108 3290 1112 3297 ι

466 3371 469 3386 ·
557 3369 561 3385 ’
592 3351 657 3420 De
691 3368 780 3419 vera
814 3342 1131 3444 ostrogothorum
1165 3360 1204 3419 et
1243 3351 1287 3421 V
1284 3346 1530 3447 isigothorum
1565 3338 1741 3453 origine.¹

285 3504 289 3511 ⁵
388 3522 459 3591 Per
483 3520 720 3591 Hunnorum
745 3515 1034 3602 incursionem,
1060 3540 1128 3610 per
1151 3514 1327 3611 ipsorum
1345 3518 1560 3590 Gothorum
1586 3517 1632 3591 de
1657 3520 2036 3621 sedibusmigratio·

216 3652 220 3661 ⁴
285 3642 358 3695 nas
382 3636 421 3691 et
445 3643 512 3713 per
537 3618 661 3703 bella,
689 3643 785 3715 quae
809 3618 869 3691 iis·
887 3635 1013 3689 essent
1038 3618 1224 3716 gerenda,
1251 3620 1478 3705 Gothorum,
1507 3622 1575 3715 qui
1599 3622 1643 3693 in
1670 3626 1887 3695 Romanum
1918 3646 2036 3699 trans·

287 3722 366 3797 iere
399 3720 547 3806 solum,
587 3744 644 3793 res
670 3720 724 3791 ita
751 3736 842 3791 sunt
868 3715 1016 3793 eversae
1043 3738 1081 3793 et
1115 3718 1318 3807 confusae,
1354 3739 1398 3793 ut
1437 3722 1570 3794 nullus
1605 3728 1790 3818 populus-
1807 3727 1955 3823 integer
1980 3752 2036 3799 re·

283 3822 475 3902 mansisse
500 3822 695 3909 r‘deatur,
720 3822 881 3895 nomina
910 3840 1037 3895 autem
1063 3823 1308 3923 singulorum
1342 3826 1578 3918 populorum
1612 3827 1767 3923 penitus
1804 3828 2035 3903 interierint

288 3932 423 4024 Itaque
459 3848 551 3996 indie
586 3949 607 3995 a
642 3924 793 3997 saeculo
828 3915 966 4021 quinto
1010 3924 1170 3999 ineunte
1208 3926 1363 3997 nullum
1406 3927 1570 4020 amplius
1605 3947 1775 4016 nomen,
1813 3954 1896 4026 quo
1926 3926 2067 4003 antea'

234 4103 239 4111 ,
269 4026 436 4125 ¹singuli
462 4028 598 4123 populi
625 4025 980 4127 distinguebantur,
1008 4027 1186 4113 auditur,
1221 4028 1287 4100 sed
1322 4026 1496 4101 universi
1522 4054 1603 4101 uno
1630 4032 1845 4103 Gothorum
1876 4030 2038 4124 nomine

291 4128 589 4223 appellabantur.
642 4134 747 4201 Inter
772 4128 841 4200 hos
870 4127 1039 4215 Gothos,
1069 4128 1136 4225 qui
1161 4130 1264 4203 inter
1299 4128 1498 4203 Romanos
1533 4133 1782 4204 versabantur
1808 4149 1846 4205 et
1872 4157 2038 4228 quorum

290 4230 451 4301 nomina
479 4229 635 4326 antiqua
662 4228 913 4315 interierant,
938 4231 1228 4330 visigothorum
1257 4248 1295 4303 et
1322 4233 1645 4331 ostrogothorum
1670 4236 1832 4309 nomina
1859 4237 2036 4309 exstitere

293 4328 397 4403 ethi
423 4332 668 4424 potissimum
693 4332 770 4405 illis
796 4332 1027 4406 nominibus
1054 4334 1180 4435 novis¹
1196 4334 1505 4433 designabantur.
1739 4425 1745 4437 ι

371 4434 498 4503 ‘Haec
520 4434 681 4523 nomina
717 4434 792 4509 huc
829 4456 949 4534 usque
975 4434 1146 4542 inaudita
1181 4460 1280 4511 non·
1302 4443 1418 4511 carto·
1440 4438 1570 4535 aliquo
1598 4453 1770 4537 tempore
1795 4434 1973 4513 exstitere
1998 4447 2061 4511 et'

1552 4560 1629 4630 Fr
