4800 5567
782 266 792 281 6

965 157 1422 315 ..ιι-ι

270 454 378 537 Jom.
406 478 439 528 c.
470 474 528 545 17.
558 452 800 545 exelluernnt
824 446 952 520 autem
970 436 1214 539 praecaeteris
1230 430 1462 513 fortitudine
1488 444 1633 539 eterga'
1648 442 1871 542 peregrinos
1884 448 2025 558 hospi·

270 574 442 659 talitate,
471 570 581 666 cujus
608 572 666 645 rei
691 568 865 671 egregia
863 562 1013 639 edidere
1033 562 1275 634 documenta.
1295 556 1346 631 cf
1375 558 1481 631 Paul.
1509 561 1617 634 Diao
1643 567 1683 648 1,
1711 581 1772 655 ιι.
1800 580 1840 636 et
1862 571 2025 667 Procopt

274 692 369 764 Bell.
398 694 511 765 Goth.
538 696 601 768 IV
627 718 664 789 p.
693 708 768 787 495
795 688 854 761 ed.
884 692 990 757 Grot.
1020 678 1206 777 Gepidae,
1243 694 1288 749 ut
1322 678 1496 777 plerique
1529 679 1668 776 populi
1702 682 1920 762 Gothorum
1943 690 2029 765 Arii

273 808 529 886 defendebant
553 812 704 911 placita.
733 806 783 881 cf.
821 812 928 885 Proc.
957 801 1069 877 Go'th.
1096 794 1153 873 111
1178 824 1218 895 p.
1247 818 1335 893 390·

1082 994 1118 1083 §-
1161 1012 1221 1061 ιι.

562 1126 632 1229 ΙΒι
652 1146 874 1238 ⁹-Vondolis,
914 1147 980 1246 qni
1005 1142 1059 1217 od
1092 1140 1307 1217 Gothorum
1341 1102 1479 1245 nornen
1503 1098 1758 1241 pertinuerint.

372 1340 538 1417 Vandali
568 1342 614 1415 ab
633 1364 716 1421 ιιιιο
745 1353 898 1411 tantum
913 1332 1127 1429 Procopio,
1155 1330 1190 1403 si
1218 1328 1405 1428 quosdam
1425 1331 1584 1405 seriores
1608 1316 1839 1407 Graecorum
1863 1337 2027 1435 scripto·

272 1482 354 1545 res,
382 1478 427 1533 ut
454 1461 667 1533 Cedrenum
694 1460 805 1552 (torn.
831 1463 871 1543 1,
898 1478 936 1553 p.
967 1454 1074 1544 355),
1102 1450 1170 1549 qui
1195 1450 1307 1523 illum
1326 1451 1480 1547 sequuti
1494 1450 1677 1523 videntur
1703 1475 1796 1560 esse,
1821 1460 2026 1573 exceperis,

216 1654 221 1663 ,
271 1578 377 1649 inter
403 1578 551 1653 Gothos
576 1576 804 1651 referuntur
823 1572 1030 1665 (Vandl,
1058 1572 1125 1659 2);
1165 1586 1333 1642 attamen
1372 1570 1562 1665 quosdam
1588 1550 1853 1644 vandalorum
1878 1574 1926 1645 ad
1953 1582 2027 1649 Go-

271 1694 429 1769 thorum
454 1696 591 1771 foedua
618 1694 848 1795 pertinuisse
874 1688 921 1765 ab
949 1714 1016 1772 eo,
1046 1685 1149 1787 quod
1176 1682 1399 1763 verisimile
1412 1706 1508 1776 est,
1527 1688 1630 1761 haud
1663 1680 1815 1761 recedit.
1868 1694 2025 1791 Saepius

269 1813 380 1889 enim
405 1838 493 1889 cum
521 1816 606 1889 aliis
634 1815 849 1889 Gothorum
874 1808 1032 1909 populis
1060 1804 1260 1899 conjuncti
1298 1807 1586 1904 competenter
1619 1809 1906 1902 apndseriores
1933 1816 2025 1887 scri·
2092 1860 2107 1873 -

147 1930 155 1946 ι
212 1998 217 2003 .
271 1949 401 2029 ptores
424 1934 506 2030 ipse
526 1924 974 2007 AlaricnsVandalorum
1000 1930 1080 2000 dux
1091 1928 1328 2000 nominatur.
1349 1921 1412 2000 cf.
1437 1932 1604 1999 Zonaras
1621 1941 1716 1997 tom.
1743 1929 1791 2010 ΙΙ,
1817 1954 1856 2025 p.
1877 1950 1938 2025 39.
1961 1950 2025 2025 40,

270 2031 461 2125 cedrenus
479 2070 574 2143 tom.
593 2057 623 2137 1,
643 2074 680 2146 p.
708 2044 793 2141 535.
821 2039 1014 2123 Praeterea
1042 2046 1136 2118 inde
1166 2070 1320 2143 qnoque
1347 2044 1591 2145 cognationis
1616 2044 1806 2117 indicium
1832 2047 2025 2145 quoddam
2076 2077 2082 2099 ι

263 2170 348 2265 'peti
367 2171 475 2257 licet,
504 2168 618 2266 quod,
647 2192 736 2242 cum
756 2167 1041 2253 Theodorieus,
1078 2164 1221 2265 Triarii
1247 2164 1350 2237 filius
1377 2174 1472 2236 curn
1492 2168 1623 2237 Leone
1647 2187 1783 2261 pacem
1816 2165 1953 2258 iniret,
1986 2192 2033 2242 se.

270 2306 405 2361 contra
423 2310 690 2386 quamcunque
706 2306 873 2386 gentem,
901 2284 1069 2385 exceptis
1088 2282 1284 2374 Vandalis,
1308 2300 1329 2357 ι
1352 2300 1462 2380 parte
1487 2282 1732 2379 Imperatoris
1758 2302 2024 2385 pugnaturum
2053 2281 2055 2288 ’
2081 2370 2087 2377 ,

195 2401 197 2414 '
268 2405 460 2501 promisit.
482 2406 531 2481 cf.
570 2407 749 2479 Malchus
775 2430 812 2502 p.
843 2427 904 2501 93.
1503 2466 1518 2489 .

373 2528 475 2596 Gens
502 2528 687 2621 quaedam
723 2523 946 2609 vandalica,
984 2527 1047 2602 cui
1080 2526 1344 2625 Asdingorum
1377 2521 1457 2597 fuit
1490 2546 1659 2609 nomen,
1695 2526 1831 2623 Marco
1867 2524 2026 2601 Aurelio

121 2640 141 2695 Γ
266 2646 503 2738 imperatore
527 2658 762 2714 memoratur
797 2648 945 2733 Fragm.
984 2647 1087 2709 Petri
1114 2644 1266 2709 Paraloi?
1297 2662 1334 2708 et
1358 2642 1450 2705 Dio.
1488 2648 1588 2709 nass.
1616 2646 1843 2721 LXX1,·1r.
1871 2660 1908 2711 et
1933 2644 2030 2713 haec

270 2782 366 2855 gens
391 2760 584 2852 imprimis
615 2754 663 2828 ad
690 2754 835 2827 Gothos
855 2752 1009 2827 videtur
1037 2750 1234 2825 referenda
1257 2772 1348 2822 esse.
1400 2752 1461 2821 De
1484 2748 1622 2823 iisdem
1651 2750 1834 2851 hadingis
1861 2742 2027 2834 Jornan.

178 2854 183 2863 ι
270 2870 336 2946 des
365 2864 413 2969 (c.
440 2874 517 2963 16.)
548 2873 684 2959 tradit,
722 2895 787 2945 eos
817 2866 1120 2969 ab10strogotha
1155 2869 1371 2942 Gothorum
1407 2892 1495 2965 rege
1521 2868 1565 2939 in
1587 2869 1808 2942 societatem
1834 2875 2024 2949 assumtos

269 3016 363 3067 esse.
414 2990 612 3087 Asdingos
642 2990 714 3061 illo
738 3006 911 3085 ternpore
930 2992 1070 3063 Daciae
1096 3006 1242 3085 partem
1269 2988 1607 3085 septentrionalem
1626 2986 1796 3061 tenu-isse
1815 3008 1853 3063 et
1871 2986 2025 3089 Gepidis

259 3108 426 3181 ‘vicinos
463 3106 585 3177 fuisse
619 3104 827 3177 verisimile
853 3120 920 3178 est.
999 3112 1069 3178 Per
1094 3110 1262 3205 longum
1290 3108 1395 3179 enim
1424 3124 1576 3202 tempus
1608 3103 1769 3178 Vandali
1796 3127 1835 3181 et
1860 3112 2025 3207 Gepidae

270 3248 348 3298 una
367 3238 730 3296 commemorantur.
758 3218 806 3293 cf.
828 3221 979 3318 Vopisc.
1001 3224 1070 3297 vit.
1089 3224 1207 3300 Probi
1232 3250 1263 3297 c.
1285 3249 1346 3296 22.
1368 3242 1406 3296 et
1423 3224 1648 3295 Mamertini
1670 3220 1840 3299 Genethl.
1861 3231 2025 3305 Maxim.

271 3367 302 3415 c.
325 3344 383 3415 ι6.
433 3342 510 3413 Illo
539 3356 711 3436 tempore
728 3340 908 3413 Vandalis
938 3342 1176 3415 Visumarem
1202 3367 1330 3440 regem
1349 3340 1469 3414 fuisse
1486 3368 1506 3414 e
1525 3360 1638 3441 gente
1663 3342 1924 3444 Asdingoium
1943 3354 2025 3432 Jor-

269 3458 417 3535 nandes
442 3460 560 3541 tradit
588 3461 638 3551 (o.
672 3461 754 3550 aa.)
783 3458 886 3555 quod
909 3483 1055 3532 nomen
1082 3484 1204 3559 genus
1232 3460 1377 3533 indicet
1403 3457 1753 3535 bellicosissimum.
1817 3470 1905 3563 Quo
1930 3494 2025 3571 rege

267 3592 359 3655 'cum
385 3575 550 3674 hadingi
570 3578 616 3649 ab
644 3576 719 3651 alia
749 3578 964 3651 Gothorum
993 3596 1099 3674 parto
1119 3603 1242 3674 usqne
1269 3579 1315 3650 ad
1342 3580 1551 3674 perniciem
1570 3580 1842 3671 vincerentur,
1866 3586 2024 3663 sedibus

241 3665 411 3771 ‘relictis
437 3696 680 3767 Pannoniam
707 3720 728 3767 ι
755 3698 1059 3770 Constantino
1048 3700 1097 3772 ris
1125 3698 1304 3771 traditam
1337 3714 1516 3785 tenuere,
1552 3722 1675 3795 usque
1711 3700 1759 3773 ad
1787 3703 1830 3775 id
1855 3722 2021 3802 tempus,

270 3840 349 3914 quo
381 3814 595 3887 Stilichone
630 3812 853 3888 adhortante
880 3833 918 3888 et
943 3817 1159 3889 Alanorum
1197 3816 1318 3912 copiis
1354 3815 1545 3907 adjunctis
1573 3818 1713 3891 Gallias
1751 3839 1935 3917 peterent.
1966 3817 2020 3915 ²²)
2054 3895 2059 3906 ,
2179 3823 2186 3833 “

267 3920 433 4011 Vandali
459 3950 606 4020 autem,
635 3956 723 4007 cum
751 3932 890 4007 Gallias
917 3951 1142 4033 peterent,
1137 3934 1180 4006 in
1210 3934 1351 4007 aliam
1351 3960 1440 4008 strae
1466 3936 1596 4032 stirpis
1624 3954 1803 4035 gentem,
1818 3944 1881 4015 oui
1907 3942 2021 4015 Silin-

271 4076 409 4153 gorum
437 4068 517 4125 erat
542 4066 754 4126 nomen'et
779 4074 874 4149 quae
899 4054 943 4131 in
968 4054 1127 4127 Rhaetia
1154 4072 1194 4127 et
1218 4052 1431 4130 Vindelicia
1457 4057 1562 4130 sedes
1599 4052 1753 4146 fixerat,
1787 4058 2019 4135 inciderunt.

358 4288 546 4375 12)Apud
574 4290 770 4358 lornandem
804 4309 874 4356 ce
879 4292 1150 4360 vendalos
1193 4296 1288 4358 aliter
1310 4297 1396 4359 enim
1419 4296 1575 4384 temporis
1595 4300 1681 4363 ratio
1711 4308 1783 4364 cum
1804 4302 1899 4365 rebus
1920 4300 2021 4387 gestis
2089 4315 2093 4327 ¹

269 4392 306 4453 in
329 4390 502 4461 Pannonia
535 4416 602 4456 non
633 4399 708 4479 plus
739 4395 888 4457 minusve
917 4394 980 4457 XL
1004 4416 1106 4460 annos
1191 4420 1259 4462 non
1282 4400 1448 4487 convenit.

267 4490 436 4556 habitasse
458 4494 588 4579 legitur
611 4496 762 4561 Fortasse
775 4496 835 4561 XG
852 4494 1024 4583 legendum
1043 4512 1105 4575 ert,

1561 4608 1599 4673 D
