4800 5567
962 737 1231 825 Csettr
1291 738 1326 820 I.

368 934 441 1019 De
471 923 666 1045 singulis
694 918 904 1047 populis,
944 924 1024 1045 qui
1054 880 1310 1039 Gothorum
1339 920 1513 1011 nomini
1542 921 1739 1015 adscribi
1768 926 1926 1019 solent.

1087 1136 1124 1224 §.
1151 1132 1199 1206 'u

546 1276 611 1347 De
636 1220 755 1361 notis,
783 1266 915 1369 quihus
947 1266 1099 1343 Gothici
1124 1266 1258 1371 populi
1283 1262 1333 1339 ab
1359 1268 1449 1342 aliis
1476 1268 1745 1364 discernantur.

371 1460 588 1534 Gothorum
613 1482 757 1532 nomen
782 1478 934 1535 nonum
960 1470 999 1527 et
1022 1478 1142 1550 paene
1172 1451 1392 1527 inauditum
1416 1452 1507 1528 inde
1531 1478 1553 1527 a
1578 1456 1820 1553 temporibus
1846 1468 2016 1541 caracal-

269 1581 329 1655 lae
355 1579 598 1676 Imperatoris
624 1574 809 1649 Romanis
836 1574 1074 1647 innotescere
1100 1572 1230 1669 coepit
1239 1598 1252 1658 3
1292 1591 1370 1669 quo
1397 1572 1553 1671 quidem
1577 1577 1740 1652 nomine
1775 1602 1870 1679 gens
1903 1585 2017 1679 quae·

270 1698 356 1771 dom
381 1722 449 1793 per
473 1714 589 1768 terras
617 1718 637 1767 a
664 1694 848 1767 Danubio
883 1692 1183 1789 septentrionem
1221 1714 1352 1765 versus
1379 1691 1471 1766 sitas
1504 1692 1773 1775 Romanorum
1807 1697 2017 1795 imperium

221 1802 224 1813 ’
267 1836 440 1913 aggressa
463 1812 745 1911 designabatur.
802 1816 1043 1909 Quamquam
1069 1790 1196 1883 autem
1222 1811 1314 1883 haec
1339 1834 1434 1909 gens
1460 1826 1500 1883 et
1525 1814 1777 1887 multitudine
1804 1833 1842 1889 et
1865 1818 2016 1896 viribus

266 1933 433 2005 maxima
457 1931 629 2027 pollebat
653 1950 691 2003 et
717 1929 963 2027 sequentibus
999 1929 1238 2025 temporibus
1273 1928 1495 2031 saepissime
1520 1928 1662 2004 infesta
1698 1954 1916 2008 armatum
1941 1940 2018 2012 R'o·

265 2052 391 2125 manis
418 2048 652 2133 conferebat,
679 2064 809 2119 tamen
835 2044 896 2118 his
921 2047 1179 2143 perlongum
1204 2062 1357 2141 tempus
1384 2046 1430 2119 de
1455 2045 1572 2139 hujus
1610 2050 1734 2149 gentis
1762 2052 1935 2151 origine,
1971 2057 2024 2164 dq

266 2168 403 2265 priscis
431 2165 512 2256 ejus
540 2163 692 2236 sedibus
719 2180 757 2237 et
782 2164 896 2237 rebus
924 2164 1040 2262 gestis
1066 2163 1135 2235 vix
1160 2165 1239 2235 ulla
1265 2180 1346 2237 ertt
1370 2182 1470 2238 certe
1506 2167 1662 2241 notitia.
1715 2172 1818 2241 Tum
1844 2170 2035 2261 demum,
2126 2192 2135 2208 “

266 2310 356 2359 cum
381 2279 458 2377 jam
484 2306 604 2379 paene
637 2306 705 2378 per
734 2298 864 2355 totum
898 2264 1070 2355 seculum
1105 2298 1238 2353 contra
1264 2283 1364 2357 hanc
1396 2301 1551 2382 gentem
1583 2288 1838 2385 pugnandum
1863 2287 2013 2379 fuisset,

186 2408 191 2419 ’
264 2428 348 2477 non
393 2426 517 2475 unum
567 2403 777 2498 populum,
838 2400 904 2475 sed
949 2400 1164 2496 complures
1211 2402 1378 2497 populos
1422 2403 1639 2476 Gothorum
1682 2408 1845 2481 nomine
1883 2414 2017 2507 appel·

264 2520 338 2593 lari
363 2519 547 2593 Romanis
583 2520 769 2591 innotuit.
821 2516 1033 2605 Attamen,
1058 2542 1132 2617 que
1168 2536 1276 2591 eraut
1311 2520 1479 2593 Romani
1514 2538 1758 2597 externarum
1790 2549 1919 2613 rerum
1953 2529 2015 2601 in·

186 2665 191 2673 ¹
265 2636 375 2712 scitia
402 2652 440 2709 et
465 2634 634 2729 incuria,
660 2635 754 2709 haec
778 2635 919 2709 notitia
945 2636 1069 2711 adhuc
1103 2636 1249 2730 incerta
1283 2654 1322 2709 et
1352 2661 1487 2711 manca
1519 2638 1619 2727 fuit,
1654 2643 1710 2713 ita
1742 2622 1788 2712 ut
1820 2643 1892 2712 illo
1928 2645 2015 2737 ipso

262 2772 448 2849 tempore,
475 2756 551 2849 quo
578 2752 746 2821 maxima
773 2742 989 2820 Gothorum
1015 2768 1102 2839 pars
1129 2744 1172 2817 in
1199 2738 1600 2821 Romanorum'terris
1634 2767 1846 2836 versaretur
1871 2771 1910 2827 ct
1936 2780 2014 2854 quo

264 2870 445 2968 frequens
472 2865 746 2943 commercium
771 2864 873 2937 inter
899 2882 1101 2958 utramque
1127 2880 1278 2963 gentem
1314 2864 1582 2972 intercederet,
1616 2864 1863 2967 singulorum
1888 2898 2013 2973 popu-

261 2993 391 3062 lorum
405 2976 656 3061 Gothicor‘um
667 2984 830 3057 nomina
845 2982 1054 3079 quaquede
1080 3005 1189 3054 causa
1218 2981 1383 3053 Gothico
1401 2983 1558 3055 nomini
1584 2984 1899 3085 adscriberentur,
1926 3018 2012 3069 non

263 3108 318 3179 ita
354 3121 481 3176 essent
515 3102 682 3197 cognita.
735 3106 869 3196 Itaque
906 3101 953 3171 de
987 3100 1099 3172 certis
1133 3098 1316 3173 Gothicae
1352 3101 1516 3199 originis
1551 3100 1707 3178 iudiciis
1742 3123 1781 3178 et
1806 3108 1853 3181 de
1887 3113 2008 3201 notis,

264 3220 404 3321 quibus
440 3218 580 3315 populi
606 3214 768 3289 'Gothici
804 3216 850 3288 ab
888 3215 973 3289 aliis
1015 3216 1362 3313 distinguerentur,
1407 3220 1478 3293 vix
1510 3219 1719 3319 quidquam
1755 3224 2007 3304 tradiderunt·

262 3344 373 3412 Unus
399 3354 551 3410 tantum
576 3336 809 3433 Procopius,
849 3358 869 3406 a
905 3356 982 3429 quo
1019 3332 1210 3423 ejusmodi
1245 3336 1428 3409 notitiam
1461 3336 1545 3427 jure
1579 3345 1873 3434 exspectaveris,
1907 3348 2008 3421 hanc

262 3474 346 3529 rem
373 3457 519 3554 attigit,
555 3455 683 3551 primo
709 3452 804 3526 belli
836 3451 1036 3529 Vandalici
1069 3451 1170 3523 libro
1208 3476 1239 3523 c.
1276 3474 1312 3525 a.
1346 3452 1408 3525 his
1445 3478 1537 3527 usus
1571 3456 1697 3532 verbis
1712 3455 1765 3553 ¹)e
1815 3464 2008 3549 Plurimae

263 3575 418 3672 quidem
445 3574 704 3668 superioribus
731 3571 837 3645 mere
862 3568 1101 3667 temporibus
1133 3570 1323 3666 hodieque
1359 3586 1451 3643 sunt
1483 3572 1664 3651 nationes
1700 3580 1882 3655 Gothicae
1890 3609 1903 3669 3
1940 3586 2006 3661 sed

261 3690 473 3765 interillos
501 3690 630 3777 Gothi,
657 3692 830 3777 Vandali,
860 3672 1130 3787 Visigotthiet
1157 3688 1348 3784 Gepaedes
1375 3713 1462 3761 cum
1496 3718 1659 3767 numero
1693 3712 1779 3769 tum
1816 3699 2006 3799 dignitate

207 3884 210 3891 ,
259 3826 466 3909 praestant.
521 3809 625 3881 Olim
653 3814 893 3881 Sauromatae
920 3808 1144 3881 dicebantur
1170 3825 1209 3881 et
1234 3807 1542 3898 Melanchlaeni,
1569 3814 1724 3908 quidem
1751 3818 1868 3891 etiam
1895 3826 2004 3895 Geta·

259 3952 348 4001 rum
373 3950 519 4001 nomen
547 3926 642 4023 ipsis
668 3928 898 4001 tribuerunt.
951 3924 1157 4001 vocabulis
1184 3925 1340 4023 quidem
1367 3949 1520 4016 omnes,
1555 3930 1664 4027 nulla
1706 3958 1798 4009 vero
1831 3960 1873 4009 re
1897 3962 2004 4035 prae·

140 4126 145 4141 ,
259 4065 360 4120 terea
386 4046 488 4119 inter
522 4070 561 4119 se
597 4040 790 4119 differunt.
845 4046 950 4120 Cutis
977 4034 1160 4120 omnibus
1187 4043 1359 4126 candida,
1387 4044 1483 4118 flava
1506 4048 1697 4139 caesaries,
1724 4076 1862 4149 corpus
1874 4079 2003 4152 proce·

261 4188 358 4250 rum,
384 4163 501 4239 facies
525 4165 706 4253 liberalis,
734 4164 884 4251 eaedem
908 4169 1035 4267 leges,
1062 4162 1191 4237 'eadem
1219 4165 1345 4252 sacro,
1370 4165 1514 4239 Ariane
1540 4165 1707 4259 scilicet,
1742 4198 1818 4245 una
1845 4174 2003 4249 demum

245 4396 249 4407 ·
346 4364 380 4442 t)
401 4366 523 4439 Eadem
545 4390 648 4455 paene
670 4370 802 4435 tradunt
824 4370 1041 4457 Theophanes
1062 4394 1096 4465 p.
1119 4378 1173 4448 8¹·
1197 4384 1231 4433 et
1252 4370 1442 4435 Anastasius
1464 4392 1497 4459 p.
1518 4386 1571 4455 39
1594 4320 1671 4437 edit.
1695 4374 1813 4441 Venet.

1553 4478 1585 4546 Β
1675 4520 1686 4539 .
1747 4520 1758 4531 .

1209 4614 1233 4685 't
