4800 5567
1073 176 1439 257 ..14-

268 392 272 400 ’
381 420 472 469 esse.
526 386 653 479 Hujus
691 372 815 483 gentis
848 402 935 479 pars
961 382 1007 453 ad
1032 376 1246 455 Gothorum
1264 380 1403 462 foedus
1423 392 1625 469 aoeessisse
1653 418 1691 472 et
1716 402 1832 480 itain
1852 424 1994 485 tractus
2010 414 2136 483 Ponto

381 514 538 601 Euxino
565 506 716 581 vicinos
744 500 895 575 videtur
921 500 1148 596 pervenisse.
1203 508 1444 603 Quamquam
1467 529 1598 585 autem
1625 516 1744 601 sedes,
1771 548 1880 620 quas
1887 526 1944 600 ibi
1969 547 2136 615 tenuere,

381 632 485 706 haud
510 646 626 700 notae
652 641 753 708 sunt,
782 638 909 693 tamen
929 620 1030 703 inde,
1059 620 1163 714 quod
1189 624 1437 720 sequentibus
1464 634 1701 727 temporibus
1719 647 2137 737 sempercumHerulis

383 736 601 841 conjuncti‘
611 758 854 838 comparent,
890 730 954 811 eos'
983 734 1097 809 etiam
1130 738 1230 813 his
1218 767 1262 813 ιιι
1290 746 1399 819 terris
1425 750 1581 823 Herulis
1605 752 1757 828 vicinos
1782 754 1905 832 fuisse
1931 789 1952 835 a
1977 766 2137 839 veritate

381 894 463 943 non
491 864 642 937 recedit.
670 862 765 933 inde
792 858 948 931 Hunnis
975 852 1139 947 subjecti
1165 882 1243 931 una
1270 887 1358 935 cum
1383 860 1541 963 reliquis
1568 864 1700 945 Alanis
1728 876 1913 949 Gothicae
1934 879 2066 977 stirpis
2091 884 2135 957 in

380 1004 504 1083 partes
532 988 707 1077 Europae
735 976 981 1051 Occidentem
1008 978 1167 1071 pmpius
1196 1000 1410 1075 spectantes
1435 1006 1704 1107 pervenerunt.
1754 993 1789 1094 A
1814 996 1980 1089 Sidonio
2003 1001 2131 1094 Apoll

382 1110 535 1203 (paneg.
562 1102 669 1175 Aviti
686 1091 739 1189 3))
767 1098 868 1169 inter
892 1098 1060 1191 populos
1088 1122 1461 1193 commemorantur,
1489 1108 1559 1203 qui
1583 1102 1745 1183 Attilam
1771 1115 1911 1188 Gallias
1946 1115 2132 1193 invaden-

290 1218 295 1223 ’
381 1244 462 1297 tem
491 1222 755 1319 sequebantur.
811 1220 1050 1289 Hunnorum
1077 1216 1188 1295 rebus
1217 1223 1378 1311 eversis,
1418 1247 1514 1320 quae
1532 1224 1657 1301 fuerit
1682 1233 1882 1329 Rugosum
1910 1256 2011 1319 sors,
2047 1256 2133 1305 ιιοιι
2223 1214 2229 1221 ’

382 1344 473 1417 satis
500 1348 659 1413 constat.
712 1332 924 1416 Jomandes
952 1336 1003 1420 (c.
1033 1337 1101 1424 ’50)
1129 1360 1192 1410 eos
1220 1362 1240 1408 a
1268 1342 1473 1431 Romanis,
1511 1360 1557 1415 ut
1575 1340 1860 1444 scandiopolim
1893 1351 2063 1424 incolere
2085 1352 2131 1423 li·

381 1478 490 1545 seret,
512 1458 667 1555 petiisse
693 1452 818 1527 tradit.
846 1456 892 1523 In
913 1450 1051 1524 bellua
1071 1454 1265 1529 Valamiro
1292 1458 1451 1556 ejusque
1476 1458 1660 1538 fratribus
1676 1460 1858 1541 adversus
1886 1470 2011 1542 Sciros‘
2029 1486 2132 1569 gesto

275 1578 287 1589 ‘
381 1579 504 1676 (quod
531 1575 677 1680 bellum
704 1588 791 1645 ante
818 1576 905 1664 464.
942 1588 1092 1668 gestum
1127 1570 1198 1671 est)
1237 1576 1297 1649 his
1324 1579 1427 1675 uugi
1464 1579 1787 1675 auxilio'venere
1822 1586 1951 1671 (Jornc
1984 1612 2016 1657 e.
2054 1586 2135 1679 54)

377 1699 562 1771 Posthaec
589 1698 789 1792 Rugorum
817 1713 902 1786 pars
938 1688 1153 1765 Odoacrum
1182 1694 1226 1765 in
1251 1696 1402 1767 Italiam
1441 1714 1569 1767 secuta
1607 1696 1730 1789 (anno
1764 1700 1860 1791 465)
1897 1700 2022 1771 eidem
2055 1704 2138 1796 regi

379 1816 608 1912 obsequium
634 1798 836 1905 praestitit.
890 1808 976 1880 Alia
1003 1832 1135 1881 eorum
1174 1831 1261 1906 pars
1286 1804 1463 1885 Danubii
1500 1814 1625 1909 ripam
1657 1816 1885 1887 ulteriorem
1916 1833 1956 1888 et
1988 1816 2136 1905 Norico

366 1934 549 2007 'uicinam
575 1928 752 2013 incoluit,
781 1949 946 2021 quorum
972 1949 1039 2003 rex
1066 1930 1262 2002 Peletheus
1289 1924 1357 2003 seu
1382 1935 1481 2011 Feta
1507 1932 1633 2006 dictus
1659 1932 1706 2004 ab
1732 1934 1905 2017 Odoacro
1932 1950 2133 2034 oppugna·

378 2071 441 2123 tus
469 2068 505 2121 et
531 2048 660 2120 victus
685 2062 742 2117 est
768 2047 891 2135 (Paul.
919 2048 1028 2119 Diae.
1055 2054 1087 2136 Ι,
1119 2046 1198 2144 19).
1248 2050 1351 2151 uugi
1376 2053 1600 2148 superstites
1626 2052 1870 2125 Theoderico
1896 2054 2049 2123 Italiam
2068 2078 2134 2149 pe·

379 2170 545 2239 tentia
507 2168 556 2259 (a.
584 2165 677 2257 448)
704 2188 784 2237 sese
811 2164 1091 2256 adjunxerunt,
1120 2166 1427 2269 Gothorumque
1436 2170 1551 2246 rebus
1573 2171 1620 2245 iu
1644 2172 1756 2245 Italia
1774 2171 1982 2245 destructis
2005 2172 2133 2270 Rugo-

379 2310 465 2359 rum
493 2283 678 2399 memoria
705 2285 908 2357 evanescit.

1200 2466 1238 2549 t
1275 2444 1309 2546 5

837 2612 958 2673 De
1003 2610 1158 2674 Scires
1210 2620 1258 2672 ot
1314 2579 1638 2702 Tureilr'rrgim

439 2796 442 2803 ·
482 2778 606 2879 Sciros
628 2769 914 2845 'adGothicum
940 2791 1088 2865 nomen
1113 2763 1354 2841 referendos
1360 2791 1469 2854 esse,
1462 2743 1548 2844 his
1554 2745 1682 2845 'rebus
1699 2770 1896 2877 probatur.
1923 2776 2134 2874 Procopius

351 2926 357 2935 ·
379 2896 489 2987 (Bell.
507 2894 620 2967 Goth.
648 2892 679 2978 1,
708 2916 744 2985 p.
776 2890 869 2985 ¹39)
899 2910 967 2959 eos
994 2886 1095 2957 inter
1117 2903 1249 2984 gentes
1267 2883 1445 2975 Gothicas
1472 2881 1610 2975 'refert3
1637 2908 1829 2985 praeterea
1848 2890 1981 2979 Edico,
2009 2894 2132 2968 Odoa-

380 3016 473 3102 cris,
510 3014 576 3111 qui
604 3011 752 3104 saepius
780 3029 917 3105 genere
946 3005 1094 3077 Gothus
1130 3022 1168 3075 et
1195 3005 1411 3078 Gothorum
1438 3032 1504 3079 rex
1531 3007 1693 3094 dicitur,
1729 3012 1856 3104 pater,
1893 3013 2135 3091 aJornandc

381 3132 426 3229 (c.
458 3134 525 3222 54)
554 3129 749 3200 Scirorum
788 3126 952 3223 optimas
987 3124 1237 3210 nominatum
1273 3124 1437 3214 accedit,
1474 3124 1581 3223 quod
1616 3127 1906 3225 antiquissimae
1940 3121 2136 3203 Scirorum

380 3246 524 3324 sedes
513 3273 555 3319 ιιι
583 3245 661 3319 illis
690 3262 797 3316 erant
822 3244 970 3339 positae
998 3241 1122 3329 terris,
1149 3244 1253 3315 unde
1281 3245 1495 3317 Gothorum
1520 3244 1700 3342 populos
1717 3244 1906 3341 prodiisse
1933 3248 2025 3320 satis
2045 3276 2134 3322 con·

380 3386 466 3441 stat.
494 3364 648 3437 Plinius
676 3365 781 3434 enim
810 3362 916 3452 (hist.
944 3379 1024 3433 nat.
1052 3366 1116 3446 IV,
1147 3364 1215 3451 ογ)
1243 3385 1308 3434 eos
1336 3346 1514 3445 Sarmatis
1542 3381 1580 3435 et
1605 3364 1770 3437 Venedis
1797 3364 1947 3438 vicinos
1974 3364 2133 3439 interra

288 3544 293 3563 .
380 3488 577 3559 aVistula
604 3482 765 3554 flumine
793 3480 982 3555 orientem
1008 3504 1139 3555 versus
1167 3481 1239 3552 sita
1266 3482 1454 3553 habitasse
1480 3478 1597 3553 tradit
1623 3478 1711 3571 (cf.
1721 3458 1845 3555 Barth
1867 3483 2135 3583 Urgeschichte
2191 3520 2205 3535 ·

377 3630 452 3677 von
482 3598 742 3675 Deutschlcnd
771 3601 842 3673 Rd.
873 3624 907 3686 s,
936 3626 973 3696 p.
1013 3598 1116 3695 199).
1169 3605 1263 3673 Post
1297 3604 1534 3671 Hunnorum
1567 3599 1826 3695 irruptionem
1860 3603 2009 3697 saepius
2047 3630 2135 3678 cum

377 3724 439 3795 his
468 3718 669 3812 conjuncti
708 3736 974 3825 memorantur⁴
1005 3720 1112 3808 (Zos.
1147 3722 1221 3803 IV,
1259 3736 1318 3809 34.
1354 3716 1507 3791 Sozom.
1544 3718 1635 3791 hist.
1671 3742 1747 3791 ecc.
1782 3724 1856 3806 IX,
1895 3718 1960 3812 5.).
2012 3722 2133 3794 Attila

378 3859 534 3913 mortuo
561 3838 686 3915 uarias
714 3840 817 3913 sedes
843 3839 1025 3913 videntur
1051 3838 1222 3924 tenuisse
1258 3838 1386 3926 (Jorn.
1415 3861 1446 3910 c.
1487 3830 1565 3934 50.)
1603 3834 1783 3937 belloque
1807 3839 1910 3911 inter
1944 3840 2070 3915 seiros
2098 3860 2135 3913 et

412 4156 442 4222 ὅ)
453 4154 493 4223 (V
496 4156 530 4209 Π
542 4155 786 4230 3¹9lPugnatem
796 4156 914 4231 Rugum
934 4148 1214 4213 00m1t⁸¹¹t⁶s3⁶1⁰¹¹⁰
1300 4163 1424 4225 tentiae
1446 4160 1486 4225 de
1508 4161 1678 4249 Rugorum
1711 4160 1750 4222 ad
1771 4160 1974 4225 maeotidem
2003 4120 2163 4227 reditun

382 4238 493 4313 Gepida
507 4254 575 4293 333333
592 4241 722 4315 sequitur
723 4268 988 4293 ““““““
1302 4262 1542 4327 confirmandas
1562 4264 1632 4345 peti
1659 4264 1793 4337 liceret,
1825 4264 1855 4325 ri
1875 4268 2018 4344 poetae,
2043 4286 2137 4349 prae·

381 4335 453 4392 Ex
457 4353 493 4391 ‘³
515 4353 572 4407 ω’
597 4332 685 4417 3333333
707 4334 863 4395 5333033333
887 4332 999 4415 R⁰g⁰⁸
1023 4352 1094 4391 333333
1112 4320 1218 4391 (3⁶¹⁰
1303 4367 1414 4429 sertim
1438 4366 1576 4429 Sidonio
1599 4363 1679 4428 fides
1700 4362 1794 4427 hnc
1784 4364 2136 4431 roreessethabends.

307 4476 310 4485 ι
381 4434 430 4493 ni:
420 4436 646 4517 conjunxit,
684 4450 910 4523 argumentum
942 4430 1029 4495 haud
1050 4436 1122 4497 leve
1145 4452 1217 4495 sen·
1692 4455 1697 4463 ·
2102 4468 2106 4473 »
