4800 5567
1095 196 1149 219 ·-
1250 143 1487 277 16¹¹&

397 388 495 463 'mile
520 396 589 468 est,
618 372 721 476 quod
745 396 835 472 prae
861 366 995 446 ceteris
1022 368 1163 455 Gothis,
1183 365 1240 439 rei
1263 366 1414 443 navalis
1439 375 1550 443 eram
1573 353 1701 469 periti.
1736 371 1838 450 Nam
1864 400 1953 453 cum
1978 377 2026 451 ad
2050 385 2152 459 Pon.

401 528 487 581 tum
512 499 713 577 Euxinum
747 494 853 568 sedes
886 488 1066 565 fixissent
1099 510 1210 597 suas,
1247 487 1470 582 saepissime
1503 492 1670 563 maxima
1704 496 1864 569 navium
1901 499 2153 579 multitudine

401 622 567 725 profecti
592 634 708 690 terras
734 610 887 709 imperii
913 606 1079 684 Romani
1104 606 1201 678 mari
1227 604 1441 697 adjacentes
1468 608 1690 706 depopulati
1717 632 1831 703 sunt,
1868 617 1923 689 ita
1949 634 1995 689 ut
2019 620 2120 693 vel
2108 644 2152 695 m

404 752 556 819 Cretam
582 752 620 810 et
644 730 826 807 Rhodum
863 728 1007 803 insulas
1043 720 1327 818 descenderent.
1382 726 1547 815 (Ζοιίιιι.Ι
1573 734 1613 815 Ι,
1639 747 1703 822 42.
1732 735 1919 833 Georgius
1951 732 2182 829 synzellus'

304 875 307 881 '
373 890 441 960 p.
471 882 555 948 253.
585 855 660 948 (ed.
687 852 842 941 Venet).
868 847 1006 921 Heruli
1032 868 1185 943 quoquc
1221 844 1340 940 primi
1372 844 1557 918 videntur
1589 844 1732 939 fuisse,
1768 852 1835 947 qui
1870 853 1972 972 inter
2007 856 2153 930 Gothos

402 976 588 1057 Romanis
648 967 838 1067 stipendia
889 962 1066 1039 facerent.
1144 968 1247 1036 Natu
1305 962 1410 1035 idem
1459 966 1662 1057 Synzellus
1712 971 1886 1044 Gallieno
1940 973 2155 1069 imperante

349 1167 351 1173 .
389 1096 665 1183 ¹Naulobatum
691 1088 926 1162 Herulorum
951 1083 1086 1158 ducem
1112 1080 1307 1155 consulari
1333 1080 1520 1182 dignitate
1545 1087 1761 1181 praeditum
1786 1113 1868 1163 esse
1893 1091 2021 1181 tradit,
2049 1092 2156 1203 quod

404 1216 642 1333 profecto
605 1236 689 1285 non
714 1206 861 1293 factum
882 1220 990 1289 esset,
1017 1202 1095 1277 nisi
1121 1224 1307 1300 maguum
1333 1202 1578 1298 popularium
1603 1232 1808 1279 numerum
1833 1209 1876 1281 in
1890 1213 2155 1283 Romanorum

404 1323 594 1411 auxilium
620 1326 860 1410 adduxissem
896 1340 935 1394 et
959 1348 999 1395 re
1032 1345 1119 1395 vera
1155 1319 1247 1393 inde
1273 1320 1319 1393 ab
1346 1320 1421 1393 hoc
1456 1338 1628 1419 tempore
1662 1327 1799 1400 Heruli
1832 1329 2051 1424 saepissime
2076 1331 2153 1400 Ro·

402 1474 611 1530 manorum
638 1446 747 1547 signa
774 1442 894 1517 secuti
920 1455 1280 1527 commemorantur,
1308 1439 1437 1537 itaqua
1461 1434 1756 1533 Maximiano),
1784 1446 2013 1520 Constantio
2028 1464 2066 1519 et
2083 1452 2146 1527 Ju-

402 1575 511 1647 liano
537 1564 816 1665 imperantibus
844 1583 975 1635 eorum
1003 1557 1048 1633 fit
1073 1556 1234 1632 mentio.
1287 1557 1387 1631 Ante
1414 1562 1652 1673 Hunnorum
1689 1560 1966 1657 irruptionem,
2004 1560 2153 1656 utiam

403 1691 643 1771 monuimus,
672 1684 717 1757 ab
745 1678 1029 1763 Hermanarico,
1055 1676 1374 1774 Gruthungorum
1400 1699 1508 1775 rege,
1546 1663 1663 1750 armis
1701 1676 1857 1751 infestis
1893 1681 2061 1753 lacessiti
2086 1706 2155 1777 per

405 1825 521 1887 omne
534 1822 687 1940 tempus
700 1817 897 1897 posterum
914 1796 1004 1871 odio
1023 1794 1219 1893 quodam
1206 1820 1250 1867 ιιι
1273 1796 1490 1868 Gothorum
1511 1795 1620 1867 illam
1634 1814 1780 1893 partem
1798 1794 2052 1897 flagrabant,
2039 1816 2092 1871 ata
2111 1815 2156 1871 ut

405 1924 606 2003 communi
632 1918 772 2019 gentis
795 1915 976 1993 Gothicae
1011 1938 1121 1989 causa
1157 1914 1302 1988 deserta
1338 1938 1427 1987 cum
1466 1914 1622 1985 Hunnis
1651 1914 1978 2015 conjungerentur
2012 1934 2051 1987 et
2075 1938 2155 1987 una
2199 1950 2202 1957 ·

369 2132 370 2135 Ἴ
406 2070 492 2119 cum
521 2042 581 2115 his
609 2055 734 2143 partes
760 2045 931 2130 Europae
958 2032 1210 2118 occidentales
1235 2048 1420 2129 peterent.
1473 2036 1545 2102 Per
1576 2033 1740 2129 longum
1775 2032 1866 2106 inde
1900 2052 2071 2130 tempus
2079 2040 2157 2106 Ha·

404 2166 580 2237 rulorum
608 2182 666 2229 res
692 2152 849 2230 silentio
876 2168 1061 2251 teguntur
1087 2168 1125 2227 et
1152 2152 1318 2227 denuo
1306 2175 1350 2223 m
1376 2148 1618 2222 memorabili
1651 2149 1720 2222 illa
1746 2175 1896 2250 pugna,
1934 2176 2009 2248 qua
2043 2142 2157 2224 Hun·
2226 2236 2236 2247 Ι

402 2304 544 2357 ιιοιιιιιι
571 2300 630 2351 res
656 2300 723 2371 per
748 2272 909 2370 Gepidas
937 2272 1108 2368 aliosque
1142 2272 1289 2345 Gothos
1317 2292 1468 2343 eversae
1501 2284 1614 2352 sunt,
1649 2270 1886 2341 Herulorum
1918 2294 2065 2344 nomen
2091 2294 2156 2343 au·

319 2438 324 2453 ·
403 2400 510 2472 ditur
537 2397 662 2491 (Jorn.
690 2418 721 2473 c.
751 2395 854 2483 50..)
872 2397 1136 2489 Quamquam,
1165 2410 1379 2485 quoruma
1415 2385 1592 2483 partibus
1617 2386 1822 2474 steterint,
1861 2410 1943 2459 non
1979 2384 2154 2474 traditur,

403 2540 530 2613 neque
556 2512 698 2611 magis,
727 2534 820 2609 quas
846 2510 1069 2605 postillam
1096 2530 1266 2604 pugnam
1293 2505 1491 2580 tenuerint
1514 2502 1631 2591 sedes.
1686 2494 1773 2578 Hoc
1803 2521 1958 2577 tantum
1992 2502 2157 2605 constat,

297 2618 303 2629 „
402 2652 520 2707 terras
548 2655 568 2700 a
594 2630 776 2697 Danubio
803 2643 1107 2715 septentrionem
1132 2647 1265 2695 versus
1289 2621 1384 2687 sitas
1409 2617 1514 2704 ab”
1483 2643 1536 2693 ns
1575 2636 1778 2714 occupatas
1805 2643 1906 2708 esse,
1946 2624 2125 2716 quibus
2111 2648 2157 2696 ιιι

318 2802 320 2809 .
406 2748 557 2827 aedibus
585 2743 821 2815 Herulorum
846 2760 905 2813 res
931 2734 1099 2807 maxime
1135 2729 1316 2805 videntur
1341 2729 1527 2803 floruisse.
1581 2735 1671 2806 Pars
1707 2758 1842 2807 eorum
1868 2735 2123 2811 odoacrum
2111 2768 2155 2813 ιιι

314 2962 320 2967 ,
404 2868 556 2943 Italiam
582 2876 709 2935 secuta
737 2874 813 2941 ests
841 2853 981 2949 reliqui
1007 2866 1147 2935 autem,
1174 2873 1264 2921 cum
1288 2846 1609 2945 Langobardos
1597 2846 1755 2981 injustis
1781 2851 2075 2951 aggrederentur
2101 2881 2157 2931 ar·

405 2990 492 3075 mis,
520 2982 669 3080 proelio
697 2973 904 3049 commisso
931 2972 984 3041 ita
1011 2985 1104 3041 sunt
1131 2964 1176 3039 ab
1204 2965 1265 3041 his
1291 2966 1485 3063 prostrati,
1511 2984 1557 3038 ut
1582 2967 1688 3041 sedes
1698 2937 1931 3067 relinquere
1975 2997 2156 3073 cogeren-

406 3126 482 3190 tur,
509 3122 640 3196 neque
660 3114 831 3191 uuquam
859 3089 907 3171 ad
932 3088 1142 3207 pristinum
1166 3082 1363 3183 potentiae
1397 3100 1540 3163 statum
1572 3076 1775 3159 redirent⁶
1774 3090 1806 3180 ),
1861 3080 2010 3187 Quibus
2043 3083 2155 3167 factis

408 3270 614 3298 W

397 3412 400 3419 ’
470 3388 509 3468 5)
533 3390 577 3451 cf.
589 3384 784 3451 Mamertini
796 3382 947 3446 Genethl.
956 3379 1155 3445 Maximiani
1165 3377 1194 3441 I.
1208 3386 1240 3456 5.

351 3472 354 3481 ⁴
406 3493 505 3560 Haud
528 3493 665 3577 ignoro,
696 3508 779 3569 quae
807 3482 980 3547 Ludeuius
1003 3482 1173 3569 ingenioso
1200 3494 1241 3541 ut

408 3600 495 3663 solet
520 3592 560 3655 de
584 3592 641 3659 illo
664 3594 738 3651 loco
762 3586 952 3669 disputavit.
973 3586 1085 3651 Meam
1115 3584 1244 3667 sipost

358 3746 361 3759 ..
409 3698 512 3761 hunc'
532 3694 639 3755 virum
674 3690 780 3751 afferri
819 3689 899 3749 licet
928 3687 1134 3761 seutentiam,
1173 3685 1242 3745 He·

406 3804 497 3863 rulos
517 3784 568 3856 ibi
595 3804 861 3856 commemoratos
891 3810 959 3851 nou
993 3808 1034 3849 ex
1062 3786 1127 3847 alia
1155 3800 1242 3847 terre

341 3872 356 3891 .
407 3902 443 3961 in
476 3896 613 3960 Galliam
650 3894 805 3977 irrupisse
837 3888 920 3953 mihi
956 3888 1150 3963 verissimile
1179 3900 1240 3962 est,

407 3992 465 4063 aad
495 3998 613 4063 Heruli
640 3994 795 4059 videntur
830 3991 953 4059 fuisse.
997 3992 1055 4073 qui
1083 3988 1242 4073 neglectis

287 4134 303 4145 ··
405 4104 629 4175 Romanorum
651 4092 825 4180 stipendiis
849 4107 882 4155 et
904 4093 976 4155 aliis
998 4090 1097 4154 sociis
1119 4112 1241 4155 assum·

407 4206 451 4269 tis
472 4198 649 4287 praedandi
683 4216 779 4265 causa
801 4215 860 4287 per
892 4193 1013 4260 Gallius
1035 4206 1240 4277 vagarentur.

406 4302 635 4375 Mamertinus,
658 4314 697 4361 ut
710 4295 916 4379 Imperatoris
933 4293 1070 4379 gloriam
1092 4308 1240 4381 augeret,

406 4406 518 4473 hostes
541 4419 574 4465 et
594 4402 740 4489 pericula
757 4418 873 4488 augere
886 4418 954 4461 ιιοιι
968 4394 1141 4459 dubitavit.
1164 4396 1240 4482 Ipse

1323 3374 1437 3461 rhetor
1456 3376 1535 3438 huic
1555 3370 1737 3439 sententiae
1758 3378 1895 3454 annuit,
1918 3402 1992 3442 cum
2013 3382 2156 3468 Herulos

1323 3479 1437 3563 paucis
1459 3478 1651 3543 cohortibus
1681 3501 1700 3542 a
1721 3480 1929 3545 Maximiano
1959 3482 2067 3547 victos
2088 3502 2158 3549 esse
2184 3552 2191 3572 Ι

1323 3573 1443 3641 tradat.

1409 3682 1447 3755 6)
1470 3661 1692 3746 Conseruntur
1712 3682 1753 3748 de
1766 3681 1831 3746 hoc
1844 3684 1931 3749 bello
1954 3689 2156 3751 narrationes

1291 3791 1294 3797 '
1325 3782 1498 3846 admodum
1520 3783 1682 3862 diversae,
1705 3806 1899 3871 quamquam
1911 3789 1945 3847 iu
1963 3808 2086 3848 summa
2106 3787 2155 3849 rei

1326 3886 1580 3963 consentientes,
1591 3887 1745 3971 Procopii
1755 3886 1853 3955 (Bell
1865 3884 1965 3947 Goth.
1982 3887 2065 3970 ILp.
2078 3884 2154 3963 257)

1326 4003 1361 4051 et
1381 3984 1478 4049 Pauli
1496 3988 1643 4054 Diaconi
1665 3988 1709 4062 (Ι,
1733 3984 1791 4059 ιο)
1821 4006 1839 4046 e
1866 3986 1986 4068 quibus
2011 3986 2156 4071 perspici

1326 4091 1450 4173 optime
1463 4104 1586 4173 potest,
1603 4084 1871 4172 quemadmodum
1882 4108 1933 4149 res
1949 4103 2059 4173 gestae
2076 4102 2157 4150 tem·

1322 4192 1413 4276 poris
1435 4212 1608 4277 progressu
1629 4194 1683 4252 vel
1704 4210 1760 4251 ore
1788 4204 1987 4273 propagatae
2014 4193 2069 4252 vel
2090 4209 2158 4251 car·

1323 4294 1468 4385 minibus
1507 4291 1685 4355 celebratae
1727 4291 1892 4353 immutari
1931 4306 1965 4353 et
2007 4290 2166 4361 exornari,

1324 4399 1462 4465 soleant.
