4800 5567
963 216 1013 233 ..
1117 171 1321 255 15⁴..

272 374 432 477 Gotlros‚
461 390 529 489 qui
554 368 850 463 Valamirum'
818 384 975 481 eJu'sque
1001 370 1137 455 fratres
1165 360 1592 479 sequebantur,³exorto
1617 370 1776 478 magna
1782 402 1917 456 eorum
1935 404 2023 477 parc

104 522 108 529 '
180 474 193 595 's
270 510 429 584 interiit.
446 514 571 601 (Jorn.
582 535 613 582 c.
627 519 790 599 530t54.
799 503 1079 593 Priscusfflist.
1093 509 1251 594 Byzant.
1264 501 1398 595 Script.
1411 500 1468 572 ed.
1481 502 1615 572 Venet.
1626 517 1721 573 tom.
1732 506 1762 573 1.
1775 526 1814 595 p.
1827 504 1909 593 44).
1930 508 2022 577 Νοιι

235 642 237 647 ’
269 634 390 727 longo
417 647 590 737 tempore
615 642 704 724 post
730 622 880 720 saepius
908 606 1009 694 inter
1035 622 1201 717 populos
1228 620 1502 706 nominantur,
1537 620 1580 693 in
1617 644 1714 717 quos
1742 620 1917 695 Odoacro
1945 620 2022 693 fuit

269 748 497 847 imperitum
538 760 613 857 quo
641 740 846 817 interfecto
875 743 1068 814 Scirorum
1096 761 1258 837 quoque
1281 761 1427 811 nomeu
1460 757 1500 809 et
1524 739 1711 812 memoria
1736 738 1898 832 interiit
1909 732 1945 831 4)

329 872 427 938 De
454 830 774 977 Trucilingor'um
801 860 1015 960 originibus
1043 876 1081 929 et
1107 856 1218 929 rebus
1246 858 1363 955 gestis
1389 856 1458 929 vix
1484 858 1589 934 aliud
1623 858 1845 957 quidquam,
1873 876 2021 953 praeter

268 1008 413 1061 nomen
439 984 569 1081 ipsum
595 984 780 1093 traditum
807 998 896 1053 est.
930 977 1123 1093 Odoacris·
1139 993 1291 1049 tantum
1316 993 1490 1073 tempore
1516 1002 1592 1051 una
1620 1002 1709 1052 cum
1736 978 1872 1067 scirit,
1899 978 2022 1073 Rugic

271 1122 312 1179 ct
335 1104 490 1179 Herulis
520 1116 884 1238 commemorantur.

1064 1274 1259 1363 -§.6..

795 1440 800 1449 '
910 1426 1000 1497 De
1059 1422 1379 1544 Herulis.

371 1584 790 1683 Herulorum'historia
816 1614 907 1691 prae
944 1592 1079 1667 ceteris
1106 1611 1144 1665 et
1170 1590 1332 1691 cognitu
1367 1590 1595 1691 dignissima
1623 1609 1745 1665 estet
1781 1589 1932 1688 magnis
1960 1588 2021 1658 in·

268 1716 401 1799 voluta
429 1712 727 1799 difficultatibus
755 1715 990 1786 Herulorum
1016 1712 1246 1808 populum
1235 1728 1337 1784 mter
1363 1712 1510 1784 Gothos
1536 1710 1778 1784 referendum
1804 1732 1902 1794 ecce,
1943 1712 2019 1779 Zo-

154 1893 158 1901 .
266 1858 378 1907 statas
406 1836 520 1925 (tom.
547 1838 577 1903 Ι.
606 1859 643 1929 p.
673 1835 740 1924 65)
769 1850 947 1922 testatur,
987 1830 1057 1950 qui
1083 1854 1146 1906 eos
1175 1847 1329 1929 gentem
1355 1830 1572 1922 Scythicam
1598 1848 1636 1902 et
1662 1830 1864 1903 Gothicam
1889 1826 2020 1899 nomi-

266 1969 353 2024 nat
343 2002 355 2037 ,
401 1936 506 2049 quod
543 1954 717 2023 Zonarae
754 1950 1023 2023 testimonium
1049 1942 1151 2021 aliis
1188 1972 1341 2045 quoque
1374 1948 1487 2021 rebus
1526 1946 1786 2023 confirmatur.
1840 1947 2019 2019 Zocimuc

266 2071 372 2143 enim
398 2068 599 2149 Iulianum
626 2082 759 2139 contra
785 2072 914 2139 Persas
941 2085 1208 2165 pugnaturum
1233 2066 1447 2139 Gothorum
1473 2066 1618 2141 auxilio
1644 2092 1761 2141 usum
1779 2089 1859 2139 ecce
1885 2064 2018 2140 treclin

267 2212 315 2259 ex
348 2185 555 2259 Ammiano
595 2201 723 2255 autem
760 2183 990 2257 Marcellino
1026 2184 1097 2259 hos
1131 2179 1254 2258 fuisse
1289 2184 1452 2283 Herulus
1492 2186 1775 2287 cognoscimus.
1827 2190 2020 2256 Praeterea

266 2306 350 2401 ipsa
378 2328 512 2377 eorum
538 2328 558 2375 e
585 2302 839 2376 Scandinavia
866 2320 905 2375 et
931 2302 1048 2376 maris
1076 2302 1293 2377 Germanici
1331 2304 1408 2376 oric
1435 2302 1482 2375 ad
1513 2310 1688 2377 Pontum
1720 2303 1921 2377 Euxinum
1947 2300 2020 2371 mi·

269 2423 392 2521 gratio
421 2446 509 2493 cum
535 2420 606 2525 hac¹
632 2422 821 2496 sententia
850 2422 995 2517 optime
1022 2422 1217 2497 convenit.
1271 2418 1548 2498 scandinaviae
1573 2442 1758 2520 tanquam
1781 2422 2020 2494 -Herulorum

265 2542 662 2637 patriaeJornandes
700 2564 854 2636 quoque
889 2542 1127 2629 mentionem
1154 2534 1255 2615 ¹fecit
1291 2544 1341 2633 (c.
1377 2541 1454 2636 3.),
1490 2540 1556 2615 sed
1580 2561 1686 2617 totus
1712 2544 1780 2614 ille
1804 2543 1914 2613 locus
1942 2556 2020 2641 tam

265 2658 450 2733 Obscurus
478 2674 547 2745 est,
574 2674 620 2727 ut
645 2656 713 2727 vix
740 2658 787 2723 ad
814 2682 902 2723 eum
919 2651 1121 2745 'respicere
1148 2660 1272 2721 liceat.
1325 2660 1489 2722 Herulus
1524 2641 1730 2722 uutcm'in
1750 2653 2019 2724 §caudinavia

265 2774 370 2847 sedes
397 2774 585 2856 habuisse,
614 2769 843 2869 eProcopio
862 2764 1047 2867 cognosci
1071 2768 1171 2839 licet.
1199 2767 1277 2839 Hic
1301 2768 1406 2841 enim
1433 2766 1550 2841 refert
1578 2769 1689 2859 (Bell.
1709 2770 1820 2842 Goth.
1849 2795 1886 2866 p.
1911 2772 2017 2857 260).
2044 2846 2049 2854 ,

263 2874 420 2969 Herulis
456 2914 476 2961 a
508 2887 776 2987 Longcbardis
814 2887 948 2977 victis,
992 2904 1139 2983 partem
1173 2910 1331 2974 eorum,
1384 2905 1449 2960 ut
1463 2911 1593 2986 regem
1620 2887 1698 2961 sibi
1733 2888 1825 2960 iude
1860 2888 2018 2961 deduco

262 3026 359 3094 rent,
387 3006 551 3093 Thulen,
580 3004 725 3089 idest,
754 3006 1068 3091 scandinaviam,
1106 3004 1272 3101 petiisse.
1325 3006 1538 3103 Procopius
1565 3024 1713 3095 autem,
1751 3007 1814 3078 cui
1849 3008 1896 3079 de
1930 3006 2018 3077 aliis

262 3124 422 3219 populis
448 3123 605 3219 longius
632 3120 790 3193 remotis
817 3104 1038 3217 imperfecta
1074 3139 1226 3195 tantum
1260 3123 1403 3197 notitia
1436 3128 1535 3198 solet
1561 3150 1662 3215 ecce,
1697 3150 1782 3199 non
1816 3126 1935 3197 modo
1971 3128 2017 3197 de

264 3240 537 3314 Herulorum
525 3238 686 3325 ttinere,
714 3239 779 3310 sed
806 3239 922 3309 etiam
947 3236 994 3309 'cie
1020 3240 1295 3314 scandinaviae
1321 3242 1400 3315 citu
1426 3260 1464 3314 et
1490 3259 1626 3332 natura
1664 3245 1810 3340 optime
1843 3261 1902 3319 est
1926 3242 2015 3315 edo·

207 3384 219 3397 ··
263 3378 359 3432 ctus.
409 3363 494 3455 Quo
521 3355 640 3430 modo
666 3370 793 3429 autem
820 3354 904 3428 fieri
927 3358 1067 3453 Ῑιοιιιὶι,Ι
1095 3378 1139 3430 ut
1165 3360 1304 3433 Heruli
1338 3378 1476 3431 terram
1512 3363 1811 3437 remotissimam
1844 3380 2018 3457 peterent

234 3508 237 3515 ’
261 3478 393 3573 ibique
421 3478 609 3579 quosdam
635 3476 765 3576 regiae
785 3474 917 3571 stirpis
943 3476 1048 3550 viros
1076 3502 1154 3551 esse
1173 3490 1260 3549 “ram
1288 3496 1392 3550 ccrto
1420 3480 1573 3566 scirent,
1600 3483 1681 3555 nisi
1705 3484 1782 3578 ipsi
1807 3482 1898 3555 inde
1937 3484 2014 3555 ori·

264 3596 394 3693 ginem
421 3592 645 3679 duxerunt?
681 3604 768 3681 ¹Eos
795 3594 911 3669 maris
938 3594 1158 3669 Germanici
1196 3618 1280 3669 orac
1318 3596 1528 3672 incoluisse
1564 3600 1655 3675 inde
1692 3624 1845 3699 quoque
1880 3602 2015 3677 verisi-

262 3782 468 3803 W

349 3898 385 3978 4)
413 3898 454 3959 Ιιι
484 3899 571 3961 libro
600 3898 774 3965 Jornandic
817 3902 857 3965 rlc
888 3925 976 3991 regu.
1007 3920 1095 3965 cucc.
1180 3902 1513 3987 musculorumue,
1537 3928 1608 3969 cum
1631 3909 1745 3970 accitis
1767 3909 1950 3993 cuicunque
1974 3908 2015 3970 aa

263 4000 505 4063 Theodericum
527 4002 649 4063 Triarii
671 4002 774 4064 filium
797 4024 814 4065 a
836 4004 936 4066 Sciric
956 4004 1024 4082 suis
1048 4026 1096 4065 ar·
1180 4007 1341 4089 Anaplum
1364 4008 1536 4092 (oppidum
1567 4032 1635 4072 non
1668 4014 1783 4093 procul
1811 4032 1830 4071 ιι
1853 4011 2013 4075 Constan-

262 4118 382 4164 matum
405 4124 508 4187 usque
539 4100 578 4163 acl
600 4102 741 4187 Apulum
772 4103 901 4168 venisse
930 4094 1093 4181 narratura
1179 4109 1324 4193 tiuopoli
1354 4111 1469 4185 citum)
1491 4114 1621 4174 veniccc
1652 4113 1796 4197 legitur,
1841 4133 1904 4197 qua
1938 4134 2011 4175 cum

264 4222 328 4285 quo
352 4220 392 4262 ex
414 4208 489 4266 loco
513 4202 677 4268 Triarium
688 4206 848 4271 Scirorum
863 4206 977 4270 ducem
994 4208 1094 4272 fuisse
1179 4214 1367 4274 narratione
1388 4214 1551 4301 Evagriuc
1572 4214 1697 4299 optimc
1718 4216 1895 4277 contentis.
1915 4212 2010 4289 (hist.

262 4318 461 4386 sequeretur·
505 4308 549 4369 At
571 4308 606 4369 iu
630 4310 819 4371 Marcellini
842 4310 1028 4379 Chronico,
1053 4332 1094 4374 ex
1168 4318 1261 4379 eccl.
1284 4315 1352 4393 ΠΙ,
1376 4316 1444 4394 25).

264 4422 329 4486 quo
352 4416 440 4487 totus
463 4407 519 4472 ille
539 4409 715 4487 Jornandic
743 4415 835 4476 locuc
863 4417 945 4477 mala
975 4412 1096 4480 descri-
